4880 6314
1349 533 1480 605 XXXVI

950 742 1206 838 lacticiopoco
1233 772 1252 821 c
1278 749 1315 821 lo
1341 751 1464 840 rupium
1491 771 1569 823 men
1595 751 1685 840 aab,

950 905 1001 978 Di
1027 905 1143 980 Bucco
1170 930 1305 1000 sercprc
1331 931 1349 980 e
1376 910 1523 1000 crapula
1550 911 1586 982 lo
1612 911 1714 998 festu.

775 1105 947 1211 Apprime
975 1129 1066 1185 vero
1104 1107 1195 1185 banc
1232 1118 1338 1186 totam
1374 1119 1505 1210 poetae
1542 1113 1654 1188 nostri
1692 1110 1871 1187 sentiendi
1908 1112 2080 1188 rationem
2107 1120 2146 1188 ct

679 1289 809 1387 omnia,
839 1309 932 1388 quae
959 1283 1031 1362 huc
1059 1294 1236 1387 spectant,
1273 1287 1353 1362 eius
1380 1295 1543 1388 poemata
1578 1286 1726 1364 illustrat
1762 1283 1936 1386 carmen,¹
1959 1284 2056 1391 quod
2093 1309 2141 1363 cx

680 1461 793 1542 altero
822 1463 951 1541 codice
976 1459 1095 1540 ltalico
1123 1459 1361 1540 bibliothecae
1380 1461 1611 1541 Monacensis
1636 1486 1691 1540 ur.
1717 1467 1819 1562 aab,
1849 1462 2025 1566 quondam
2052 1466 2145 1540 inter

682 1635 908 1719 Victorianus
934 1638 1137 1737 thesauros,
1167 1648 1307 1714 erutum
1336 1637 1424 1715 inira
1452 1662 1470 1714 a
1493 1644 1586 1712 PAG.
1615 1646 1677 1710 115
1703 1661 1808 1742 seqq.
1839 1641 2005 1740 pretiosis
2038 1637 2144 1740 irog-

679 1818 808 1894 mentr's
838 1816 1067 1895 Sonettormn
1094 1825 1134 1891 ιιι
1168 1814 1378 1892 adsererem
1415 1816 1623 1891 auctoritate
1659 1813 1991 1893 honestissimorum
2027 1813 2142 1892 soda-

677 1990 761 2069 lium
789 2015 1008 2071 concessum
1035 2002 1105 2070 est.
1171 1987 1274 2067 llaec
1303 1985 1511 2088 ‘Canzona',
1540 2013 1645 2094 quam
1672 1988 1856 2068 ancisci
1889 1991 2025 2069 Aretini
2054 2013 2141 2068 esse

678 2191 727 2246 ex
755 2171 986 2271 inscriptione
1019 2167 1105 2244 licet
1132 2169 1310 2245 strictiore
1339 2165 1461 2267 colligi
1489 2176 1623 2269 potest,
1651 2166 1817 2246 dictionis
1846 2168 1985 2269 colore,
2015 2167 2142 2246 simili-

677 2344 801 2422 tudine
829 2349 1104 2445 sententiarum
1133 2342 1329 2422 verborum
1357 2341 1494 2419 aculeis
1518 2345 1704 2443 ingenium
1724 2340 1918 2421 Petrarcae
1947 2355 2015 2421 tam
2043 2347 2142 2420 vivi-

677 2517 760 2597 dum
787 2533 1037 2624 repraesentat
1063 2534 1206 2626 tamque
1241 2545 1383 2621 verum,
1421 2529 1459 2595 ut
1492 2517 1551 2594 vel
1590 2518 1687 2595 nullo
1715 2503 1812 2598 dato
1831 2519 1961 2598 iudicio
1997 2518 2062 2598 soli
2091 2519 2137 2596 illi

676 2701 812 2776 auctori
839 2698 1087 2800 postliminium
1116 2701 1244 2776 iustum
1274 2697 1378 2777 loret.
1444 2695 1528 2774 lloc
1556 2697 1670 2797 ipsum
1695 2720 1854 2799 carmem
1884 2697 1918 2774 id
1947 2697 2042 2800 quod
2072 2699 2139 2773 iam

676 2873 757 2952 alibi
796 2874 985 2976 pmlessus
1023 2901 1124 2978 sum,
1169 2877 1314 2977 insigne
1356 2877 1533 2976 gravitate
1571 2878 1827 2953 sententiarum
1864 2899 1906 2950 ac
1944 2872 2138 2951 verborum

675 3052 852 3154 pondere,
882 3052 1109 3154 splendidum
1136 3052 1230 3129 idem
1258 3053 1399 3153 poetica
1428 3054 1558 3128 virtute
1582 3055 1758 3154 animique
1788 3050 1960 3149 candore,
1990 3048 2139 3127 descri-

673 3225 724 3306 bit
751 3239 788 3305 et
816 3233 969 3331 castigat
996 3240 1166 3332 notatque
1193 3227 1299 3305 multa
1327 3225 1490 3305 libertat'e
1518 3251 1580 3304 res
1609 3227 1905 3329 Avenionenses,
1935 3249 2028 3330 quae
2058 3226 2137 3304 lere

675 3404 808 3504 medio,
838 3429 910 3508 quo
940 3404 1087 3483 vivebat
1104 3405 1289 3505 Petrarca‚
1319 3403 1469 3482 saeculo
1496 3403 1595 3482 lento
1623 3429 1666 3481 ac
1694 3404 1848 3483 delicato
1877 3426 1987 3480 cursu
2015 3402 2129 3481 lluita·

674 3593 767 3659 rent.
833 3579 892 3659 Uti
918 3580 1010 3659 baec
1039 3579 1206 3660 Canzona
1243 3580 1393 3684 reliquis
1430 3579 1595 3657 eiusdem
1623 3583 1775 3683 generis
1813 3578 2027 3657 carminibus
2056 3577 2136 3657 Pe-

675 3768 813 3836 traroae
852 3757 1010 3836 mimbile
1047 3757 1168 3836 lumen
1211 3757 1346 3858 adl'crt,
1385 3761 1429 3833 ita
1465 3759 1531 3858 ipsi
1568 3779 1715 3861 quoque
1753 3757 2019 3860 interpretando
2055 3780 2135 3832 ma-

675 3937 771 4012 xime
800 3959 848 4012 ex
876 3935 1036 4037 epistolis
1066 3933 1229 4011 eiusdem
1252 3932 1472 4011 commodam
1492 3937 1676 4011 materiem
1696 3932 1870 4035 adgeres.
1937 3931 2004 4009 llic
2032 3932 2136 4010 locos

675 4109 849 4213 quosdam
867 4114 1051 4213 primarios
1071 4109 1280 4188 adscribere
1300 4109 1458 4188 sufficiet
1477 4115 1734 4212 correctiores,
1764 4133 1855 4213 quos
1875 4132 1923 4184 ex
1942 4107 2031 4186 libro
2052 4111 2136 4212 epi-

676 4287 858 4388 stolarum,
887 4290 947 4390 qui
968 4287 1080 4364 lertnr
1100 4285 1193 4364 ‘sine
1212 4284 1337 4389 titulo’,
1359 4285 1576 4390 deprompsi.
1620 4287 1691 4366 lam
1711 4285 1931 4390 singularum
1952 4287 2136 4365 sollemnis

675 4462 810 4565 titulus,
839 4466 888 4539 uti
918 4461 979 4540 ‘de
1007 4466 1195 4541 inamoeno
1222 4463 1399 4542 occiduae
1421 4462 1613 4566 Rabylonis
1641 4461 1760 4566 statu',
1791 4462 1852 4540 ‘de
1879 4467 1979 4541 tertia
2009 4463 2134 4566 Baby-

676 4637 796 4744 lonia'‚
826 4639 887 4716 ‘de
910 4638 1095 4741 Babylone
1112 4635 1272 4742 Gallica',
1300 4638 1444 4742 indicat,
1474 4643 1618 4743 quaein
1637 4643 1679 4717 iis
1699 4642 1861 4742 exposita
1882 4662 1968 4718 esse
1990 4641 2133 4719 credas.
