4880 6314
969 467 1040 533 XLI

295 691 431 768 codicis
466 690 572 768 latum
600 700 657 768 est
684 711 838 792 regnum
868 689 1004 768 vocalis
1032 693 1065 789 i,
1101 689 1167 767 sed
1206 689 1297 766 baec
1326 701 1365 767 ut
1398 689 1461 765 alia
1490 690 1669 792 sagaciori
1695 689 1757 764 in·

295 863 456 971 dagatori
483 866 661 969 relinquo,
701 869 760 968 qui
788 865 962 943 Friderici
991 866 1092 944 [liezi
1121 867 1279 944 doctrina
1309 869 1493 943 accinctus
1521 869 1556 942 in
1593 887 1756 966 campum

296 1043 508 1122 descendat.
1486 993 1490 1002 Ι

389 1220 426 1298 ln
455 1244 523 1298 una
552 1217 681 1297 vocula
711 1219 848 1297 codicis
884 1220 1063 1321 paululum
1099 1219 1212 1297 buesi.
1279 1219 1473 1298 Secundus
1511 1221 1757 1321 quaternarius

296 1407 388 1473 Pau.
413 1403 457 1471 ιιι
485 1397 605 1498 incipit
632 1395 847 1498 compendio
883 1400 1097 1498 scripturae:
1131 1396 1197 1473 clv’.
1227 1396 1306 1498 obi,
1342 1396 1427 1475 inde
1454 1401 1489 1474 in
1516 1421 1558 1474 re
1587 1393 1692 1474 dubia
1720 1407 1757 1473 et

296 1599 394 1652 nexu
422 1573 523 1652 simul
553 1577 754 1651 sententiae
773 1575 988 1652 intricatione
1008 1577 1135 1676 scripsi
1162 1573 1220 1649 clr’
1237 1598 1283 1650 or
1300 1574 1379 1672 clii,
1408 1576 1535 1652 nescio
1563 1598 1606 1652 an
1634 1587 1755 1678 recte,

297 1754 363 1831 sed
392 1751 549 1830 subesse
576 1775 618 1850 r,
647 1774 729 1826 cum
749 1754 970 1852 experientia
989 1749 1302 1852 palaeograpbiac,
1332 1761 1404 1827 tum
1424 1750 1613 1830 similitudo
1633 1755 1755 1855 scrip-

295 1941 397 2006 turae
425 1930 536 2030 ipsius
555 1928 691 2006 codicis
716 1929 749 2002 in
771 1935 863 2000 PAG.
890 1934 934 2001 98
962 1927 1096 2027 docuit,
1125 1925 1185 2004 ubi
1207 1932 1346 2030 propio
1365 1932 1535 2029 scriptum
1554 1940 1612 2006 est
1633 1931 1754 2029 p'pio.

296 2105 375 2184 lloc
404 2109 548 2208 signum
575 2100 586 2135 ’
614 2102 733 2181 medio
767 2127 860 2180 aevo
897 2127 1077 2205 persaepe
1114 2103 1262 2181 includit
1294 2102 1464 2205 syllabam
1498 2103 1626 2206 liquida
1662 2131 1683 2180 r
1720 2117 1757 2184 et

295 2284 408 2385 aliqua
436 2281 552 2360 vocali
580 2292 640 2357 aut
666 2288 748 2357 ante
777 2306 798 2354 r
825 2291 884 2357 aut
910 2291 991 2383 post
1019 2305 1040 2355 r
1074 2278 1371 2383 condirgendum
1405 2284 1439 2357 in
1474 2292 1596 2359 nostro
1625 2280 1755 2360 codice

294 2470 437 2561 praeter
464 2457 555 2534 baec
584 2456 655 2533 duo
680 2456 845 2557 exempla
874 2481 945 2534 non
973 2461 1115 2536 tertium
1141 2456 1257 2534 adest.

387 2636 426 2714 Si
454 2639 512 2737 qui
543 2643 670 2734 erunt,
708 2636 767 2735 qui
796 2645 941 2734 praeter
974 2655 1100 2733 purum
1136 2645 1255 2735 putum
1291 2645 1427 2711 textum
1465 2639 1753 2738 commentarios,

292 2839 364 2892 non
402 2813 483 2890 dico
520 2815 579 2915 qui
616 2834 738 2889 rerum
775 2823 986 2913 argumenta
1022 2821 1059 2888 et
1093 2757 1286 2889 carminum
1323 2814 1521 2888 sententias
1555 2813 1751 2915 explicent,

293 2991 359 3068 sed
388 2992 447 3093 qui
475 2991 632 3066 rationes
659 2992 914 3091 grammaticae
949 3001 986 3066 et
1013 2989 1207 3068 verborum
1235 3013 1338 3066 usum
1365 2991 1572 3092 respiciant,
1602 2991 1752 3094 elllagi-

292 3178 382 3268 tent,
410 3166 478 3244 illis
505 3176 639 3244 memet
666 3169 780 3268 ipsum
818 3166 949 3245 lubens
977 3166 1156 3244 adscribo.
1223 3166 1298 3244 Sed
1333 3177 1370 3242 ut
1402 3165 1472 3244 boc
1509 3167 1662 3246 alienum
1691 3169 1754 3246 luit

293 3343 336 3422 ab
364 3343 468 3422 buius
496 3344 566 3422 loci
597 3346 878 3446 opportunitate,
914 3348 959 3422 ita
987 3356 1045 3422 est
1070 3348 1214 3422 materia
1242 3347 1332 3420 meis
1360 3343 1495 3421 viribus
1524 3367 1595 3422 non
1623 3368 1751 3448 aequa,

292 3546 506 3624 quanquam,
535 3527 583 3598 uti
610 3521 662 3623 lut,
692 3525 892 3625 conquisivi
921 3539 959 3599 et
977 3523 1136 3625 disposui
1164 3533 1223 3598 aut
1250 3544 1392 3597 mecum
1416 3519 1628 3623 deliberavi,
1659 3547 1752 3626 quae

292 3698 335 3775 ad
362 3698 449 3798 illas
485 3701 641 3775 rationes
678 3700 875 3800 pertinent,
914 3727 956 3778 ac
993 3723 1041 3777 ne
1078 3721 1227 3802 prorsus
1265 3700 1426 3776 immunis
1464 3708 1501 3775 et
1537 3685 1752 3797 ἀσύμβολος

293 3874 495 3976 discedam,
534 3874 748 3977 glossarium
785 3877 920 3978 adieci,
959 3879 994 3952 in
1031 3901 1103 3979 quo
1138 3899 1230 3978 quae
1274 3878 1424 3953 maxime
1462 3887 1522 3953 aut
1558 3874 1750 3980 singularia
1804 3885 1807 3892 ’

293 4065 352 4130 aut
387 4057 525 4155 propria
563 4050 796 4154 videbantur,
835 4066 1013 4156 congesta
1052 4064 1152 4154 sunt,
1190 4064 1337 4131 tenuem
1375 4056 1502 4154 stipem
1535 4056 1568 4129 in
1607 4053 1750 4130 lexicon

292 4227 564 4330 Petrarcbeum,
602 4228 699 4331 quod
727 4234 858 4332 pariter
885 4235 918 4306 in
948 4229 1138 4307 desideriis
1179 4241 1237 4307 est
1273 4242 1379 4332 atque
1413 4229 1520 4307 editio
1558 4233 1750 4307 carminum

291 4403 335 4480 ad
372 4427 513 4482 normas
556 4409 699 4482 criticas
736 4406 907 4506 adaptata.
984 4405 1147 4508 Namque
1190 4405 1244 4484 bis
1288 4410 1374 4508 ipsis
1412 4405 1537 4482 studiis
1575 4409 1748 4509 cognovi,

290 4580 396 4658 multa
425 4580 468 4656 ab
497 4585 636 4684 antiqua
665 4583 886 4684 simplicitate
907 4594 944 4660 et
962 4586 1120 4684 genuina
1150 4583 1259 4661 lorma
1288 4585 1513 4660 recentiores
1533 4581 1749 4685 detraxisse,

1523 4732 1540 4784 r
