4938 6322
516 1113 590 1221 Chi
617 1141 662 1223 fin
687 1093 750 1245 ¹piu
777 1146 844 1220 mei
872 1140 955 1220 chel
986 1145 1057 1221 mio
1084 1141 1211 1220 idioma
1239 1145 1380 1244 interpe

579 1315 646 1398 Chi
673 1331 903 1428 sargumente
932 1323 967 1398 in
996 1343 1086 1398 cose
1114 1319 1184 1396 alte
1213 1330 1250 1396 et
1277 1318 1432 1397 excelse

468 1583 472 1592 ,
578 1496 634 1576 De
660 1499 719 1600 poi
748 1495 819 1575 che
845 1497 942 1574 laura
971 1495 1099 1575 fronde
1127 1498 1240 1573 amieo
1269 1494 1369 1572 selse

579 1671 655 1753 Per
682 1676 741 1752 eui
769 1696 840 1753 eon
866 1674 903 1751 le
931 1697 1036 1752 soror
1063 1671 1194 1750 eonohi
1222 1682 1375 1775 euterpe
1482 1769 1485 1776 Ι

518 2084 574 2163 De
600 2083 673 2162 indi
699 2086 806 2186 inque
833 2106 906 2161 non
934 2080 980 2162 fia
1009 2080 1079 2160 ohe
1106 2081 1178 2159 indi
1205 2080 1227 2158 il
1256 2103 1347 2160 euor
1373 2091 1497 2194 sterpe

582 2260 622 2342 Si
649 2248 754 2338 dame
781 2259 981 2338 uoluntario
1009 2263 1039 2338 si
1072 2258 1213 2336 diuelse

581 2435 616 2516 E
643 2461 711 2541 per
736 2461 804 2534 suo
831 2440 976 2540 proprio
1004 2436 1169 2515 almondo
1196 2434 1358 2538 hospicio
1386 2434 1522 2514 seielse

584 2609 709 2693 Gortei
737 2613 850 2717 degni
877 2637 1001 2692 uenen
1029 2611 1159 2692 rahiata
1187 2637 1297 2716 serpe

519 3019 578 3100 Ne
604 3023 712 3124 peria·
740 3019 806 3100 Po·
836 3020 941 3100 Nillo·
972 3019 1084 3101 Arno·
1112 3020 1242 3101 Adice·
1270 3045 1292 3100 e
1322 3020 1450 3101 Tihro··
1541 3093 1543 3104 .

583 3196 736 3302 Alpheo·
765 3195 915 3277 Garona·
946 3195 1141 3301 Euphrate·
1169 3196 1320 3302 thero
1340 3224 1371 3302 ‚e
1399 3197 1539 3304 Tygre-

585 3371 717 3454 Lenter
743 3375 776 3453 la
803 3375 941 3454 flamma
969 3373 1087 3454 inchio
1114 3377 1220 3454 uiuer
1246 3374 1386 3456 delibro

521 3780 555 3862 Ε
583 3794 680 3862 ente
708 3781 832 3862 charte
861 3781 998 3862 eueher
1024 3786 1146 3887 spiere
1175 3783 1228 3863 ser
1254 3788 1361 3890 nigre
1521 3817 1528 3882 g

586 3957 770 4039 (lentando
797 3962 832 4038 in
860 3963 1000 4038 seruiru
1027 3984 1132 4040 come
1159 3963 1194 4041 io
1222 3986 1290 4040 son
1317 3961 1409 4043 libro

589 4132 680 4217 chio
706 4136 914 4216 accendere
937 4136 1100 4242 leuoglie
1128 4137 1296 4242 inserme!
1327 4142 1474 4248 epigre.

1460 4230 1477 4362 5
