4880 6314
966 493 1069 558 XLIII

547 708 691 780 Peosier
718 709 834 781 cunuti
860 709 897 778 io
922 709 1091 799 piweuile
1115 714 1211 780 etate.

601 866 654 938 Et
681 869 718 940 lu
745 868 937 957 eooeordiu,
967 869 1026 940 cita
1052 869 1084 940 si
1110 891 1197 940 rura
1225 869 1261 939 ol
1286 868 1419 956 muodo,

605 1026 678 1099 uon
705 1049 835 1098 sommo
856 1029 1027 1118 pudicitia
1056 1029 1149 1100 utute
1176 1029 1305 1100 battuta.

376 1268 414 1346 Si
442 1264 501 1341 vel
531 1262 597 1342 hus
624 1288 761 1366 paucos
786 1288 918 1341 versus
946 1269 1099 1367 scriptus
1128 1278 1166 1344 et
1193 1265 1309 1343 editus
1339 1267 1431 1343 inter
1462 1289 1505 1342 se
1533 1264 1745 1365 contuleris,

286 1456 488 1546 utrumque,
523 1439 618 1544 quud
649 1465 754 1542 supra
784 1466 865 1516 arun
893 1441 940 1518 de
968 1452 1073 1543 poeta
1109 1445 1187 1543 ipso
1215 1454 1287 1518 tum
1315 1441 1363 1519 de
1399 1445 1477 1518 eius
1515 1446 1746 1545 castigatori-

284 1621 351 1698 bus
378 1617 596 1698 monendum
624 1615 706 1694 milri
733 1614 934 1716 videbatur,
964 1616 1208 1716 confirmabis3
1247 1641 1316 1695 nec
1347 1623 1476 1721 minus,
1514 1618 1609 1723 quod
1639 1618 1745 1696 modo

285 1797 332 1874 de
361 1795 527 1873 oudinum
555 1796 776 1895 antiquorum
804 1796 919 1894 pretio
939 1792 1072 1870 dictum
1099 1806 1170 1896 est,
1199 1819 1266 1872 sun
1294 1800 1372 1873 iure
1402 1796 1533 1874 dictum
1553 1793 1745 1872 videbitur.

371 1969 468 2048 lnter
494 1970 673 2046 lectiones
702 1973 831 2068 varias,
872 1970 998 2046 multas
1026 1970 1102 2046 illas
1131 1982 1168 2048 et
1195 1970 1460 2073 memorabiles,
1500 1995 1648 2075 quarum
1677 1995 1745 2047 una

285 2161 322 2227 et
349 2148 457 2225 altera
487 2157 608 2223 nostro
638 2143 832 2222 Petrareae
859 2149 1102 2248 maximopere
1139 2151 1322 2250 convenit⁷
1358 2151 1406 2224 uti
1443 2147 1537 2225 istud
1573 2147 1615 2224 ‘tt
1644 2171 1745 2246 prun

283 2323 391 2401 derio
424 2323 591 2398 ‹tuome'
628 2325 662 2398 in
691 2329 783 2394 Pnu.
808 2328 851 2394 86
879 2325 1033 2400 recurrit
1070 2325 1108 2398 ‘a
1135 2347 1236 2422 prun
1264 2323 1365 2400 disin
1393 2322 1584 2425 u’taoor',
1614 2328 1749 2402 eminet

284 2504 460 2578 inversu
489 2505 537 2580 lll
568 2497 801 2600 increpatio,
831 2523 903 2576 vox
922 2498 1061 2577 Graeca
1086 2487 1327 2593 εὐτραπελία,
1358 2525 1423 2603 pro
1453 2525 1521 2604 qua
1550 2525 1645 2578 voce
1672 2501 1746 2577 lta-

283 2678 326 2754 lis
363 2682 443 2755 eius
480 2682 560 2753 aevi
598 2700 670 2753 non
707 2678 889 2777 incognita
927 2680 1101 2779 surrepsit
1135 2678 1356 2779 interpolatio
1400 2688 1625 2780 pervetusta:
1666 2673 1747 2753 tatt’

286 2853 547 2952 acceptionis,
575 2876 713 2930 merom
741 2855 1105 2954 interpretamentum.

379 3099 557 3206 Equidem
586 3123 677 3178 veru
705 3124 777 3203 qun
805 3104 920 3204 magis
949 3100 1040 3178 lraee
1069 3104 1273 3204 antiquioris
1307 3112 1412 3180 notae
1451 3101 1650 3204 fragmenta
1680 3125 1747 3178 re-

285 3278 394 3357 volvo
422 3288 459 3354 et
485 3277 637 3379 relego,
667 3300 713 3353 eo
742 3276 822 3354 mihi
851 3277 991 3355 dulcius
1019 3303 1062 3354 aa
1090 3281 1239 3380 gravius
1276 3292 1421 3357 resonat
1453 3280 1629 3381 plectrum
1656 3281 1747 3355 vatis

285 3455 438 3554 Armini,
458 3478 530 3532 neu
549 3477 696 3556 possum
717 3456 801 3557 quin
830 3453 964 3532 licinio
985 3452 1119 3532 Crasso
1142 3455 1234 3556 apud
1256 3453 1408 3533 'lollium
1429 3459 1633 3555 assentiam,
1663 3455 1749 3531 licet

284 3635 320 3709 in
338 3631 483 3709 diversa
511 3630 726 3740 condictione
747 3631 974 3708 exclamanti:
1010 3631 1156 3734 ‘quanto
1177 3632 1337 3709 culorum
1361 3632 1600 3734 pulcritudine
1620 3643 1658 3710 et
1675 3657 1746 3708 va-

286 3812 410 3887 rietate
438 3806 616 3884 floridiora
644 3810 791 3884 suntin
819 3811 966 3909 picturis
994 3810 1099 3886 novis
1126 3808 1314 3912 pleraque,
1344 3833 1448 3913 quam
1476 3813 1511 3886 in
1543 3809 1746 3887 veteribus!

286 4007 377 4088 quae
405 3996 537 4084 tamen,
568 3986 704 4060 etiamsi
724 3986 836 4085 primu
860 3985 1035 4087 adspectu
1059 4009 1126 4063 nus
1151 3998 1341 4089 ceperunt,
1371 3987 1501 4065 diutius
1521 4011 1593 4064 nun
1612 3987 1746 4065 delec-

284 4172 369 4261 tant,
398 4185 480 4238 oum
508 4160 614 4238 iidem
642 4183 712 4238 nos
740 4164 776 4238 in
804 4163 957 4264 antiquis
984 4160 1111 4240 tabulis
1139 4164 1198 4241 illo
1226 4167 1304 4266 ipsu
1333 4163 1476 4242 horrido
1506 4162 1747 4267 obsoletoque

285 4333 497 4416 teneamur.'
