4880 6314
905 1122 949 1232 Ῑο
977 1165 1081 1232 sento
1110 1153 1163 1232 ala
1190 1155 1270 1235 flata
1298 1169 1400 1236 entro
1427 1159 1485 1237 dal
1512 1171 1622 1262 pecto

966 1329 1024 1409 Vn
1048 1335 1157 1411 tacito
1178 1336 1333 1434 ¹pensier
1359 1333 1430 1412 che
1457 1338 1503 1412 mi
1530 1335 1644 1415 disuia

963 1508 997 1588 Ε
1027 1507 1120 1586 same
1148 1511 1254 1587 intrat
1281 1514 1316 1588 in
1344 1535 1437 1590 noua
1466 1511 1612 1592 fantasia

960 1686 994 1766 Ε
1023 1687 1058 1765 di
1086 1691 1144 1764 cui
1169 1691 1217 1764 mi
1243 1687 1316 1767 fido
1344 1687 1457 1766 hauet
1483 1703 1658 1792 suspecto

899 1986 965 2067 Poi
993 2013 1104 2068 senza
1131 1988 1226 2066 dime
1255 2001 1376 2067 stesso
1404 1987 1517 2067 bauer
1543 1994 1702 2094 rispeclo

959 2162 1035 2243 Per
1061 2164 1173 2243 hermi
1201 2191 1223 2244 e
1251 2164 1377 2244 boschi
1405 2165 1495 2244 talor
1521 2170 1568 2244 mi
1595 2181 1691 2248 meto
1719 2173 1754 2248 in
1781 2176 1837 2250 via

957 2343 1064 2421 Doue
1092 2346 1179 2446 ogni
1206 2341 1304 2420 bene
1332 2343 1388 2420 ela
1416 2367 1590 2446 speranza
1617 2349 1685 2423 mia

957 2517 1133 2599 Obliando
1161 2521 1248 2599 altro
1277 2519 1346 2598 che
1373 2531 1489 2598 morte
1516 2547 1589 2600 non
1617 2536 1766 2627 aspecto

894 2815 1001 2899 Cossi
1027 2823 1074 2897 mi
1102 2827 1158 2900 ειό
1186 2846 1291 2900 come
1319 2821 1426 2901 huom
1453 2828 1597 2928 proprio
1626 2823 1695 2902 che
1723 2848 1840 2928 sogna

954 2995 988 3075 Ε
1015 3011 1113 3077 temo
1141 3002 1286 3101 espiero
1313 3003 1472 3104 epiango
1499 3001 1577 3080 n'do
1606 3001 1746 3082 escolto

953 3171 1043 3251 Chel
1072 3178 1103 3255 si
1130 3175 1164 3252 el
1193 3181 1241 3254 116
1269 3176 1330 3254 lun
1358 3177 1459 3258 laltro
1485 3181 1533 3256 mi
1560 3201 1758 3282 rampogna
1857 3229 1864 3249 .

888 3472 1002 3551 Laura
1029 3479 1097 3552 mia
1125 3475 1200 3554 alor
1227 3477 1366 3555 sorride
1395 3478 1502 3555 edice
1530 3478 1636 3556 slolto

947 3647 1044 3728 Falir
1070 3676 1137 3754 per
1163 3676 1234 3730 non
1264 3652 1340 3732 salit
1367 3678 1440 3732 non
1468 3678 1491 3731 e
1518 3679 1713 3759 uergogna

949 3827 1019 3906 Mal
1046 3840 1107 3907 tuo
1137 3829 1171 3906 di
1199 3855 1257 3908 me
1285 3829 1411 3908 dubiar
1437 3833 1462 3908 ti
1490 3853 1609 3908 nuoce
1637 3831 1746 3911 molto

1132 4127 1198 4208 Poi
1226 4134 1360 4233 siegue
1387 4155 1460 4210 con
1487 4155 1537 4210 vn
1572 4131 1670 4210 υοΙιο

944 4302 1023 4384 che
1051 4331 1099 4385 vn
1126 4331 1260 4385 manno
1288 4307 1504 4385 accenden'a
1531 4308 1586 4386 sol
1615 4333 1685 4386 con
1712 4309 1836 4388 lanista

940 4481 1048 4561 Fama
1076 4507 1143 4585 per
1170 4494 1243 4562 star
1269 4487 1388 4563 inocio
1415 4507 1487 4563 non
1515 4489 1685 4588 saquista.

1662 4577 1687 4710 3
