4880 6314
1079 569 1139 635 VH

382 802 446 870 tus
468 792 559 895 plus
586 815 701 893 quam
722 796 883 894 priscus
909 799 947 868 et
969 795 1121 893 passim
1145 790 1231 894 sere
1254 788 1457 890 obsoletus,
1486 798 1614 867 tamen
1640 793 1698 866 ita
1725 798 1769 866 ut
1794 787 1848 865 ad

381 969 551 1069 linquam
582 967 795 1044 tuscanam
828 965 916 1044 boni
951 967 1097 1046 saecuti
1125 973 1428 1070 appropinquem
1462 968 1612 1069 fmmae
1647 964 1848 1044 uerborum

381 1151 599 1243 rauciores,
628 1147 842 1221 sententiae
868 1142 981 1220 ualde
1015 1141 1200 1222 obscurae
1236 1168 1306 1222 nee
1340 1150 1468 1222 acinus
1505 1152 1705 1220 structura
1732 1167 1847 1245 quam

382 1346 509 1398 rerum
538 1344 640 1398 necu
678 1344 795 1424 saepe
826 1344 1014 1423 perquam
1051 1319 1241 1423 difficiles.
1309 1321 1485 1399 Ceterum
1519 1325 1636 1399 etiam
1662 1317 1846 1397 librarius

380 1503 539 1601 saepius
566 1495 756 1574 titubavit.

474 1673 582 1751 Haec
612 1679 789 1777 pretiosa
822 1676 1046 1778 frapmenta
1074 1679 1368 1776 antiquissimae
1396 1675 1503 1777 apud
1529 1673 1651 1752 Italos
1683 1699 1845 1778 poeseos

381 1877 451 1928 rm·
478 1850 691 1928 audeamus
719 1856 797 1953 ipsi
814 1849 1051 1929 Petramluae
1078 1849 1290 1949 uindicare,
1319 1851 1482 1930 alteritas
1509 1851 1583 1929 loci
1605 1857 1680 1930 erit
1698 1849 1847 1930 delibe-

380 2031 521 2106 ratio.“

472 2204 549 2298 Qua
578 2228 653 2308 ego
690 2207 747 2282 via
786 2217 823 2282 ct
859 2207 995 2285 ratione
1034 2217 1237 2309 quantaque
1274 2209 1308 2282 in
1346 2230 1387 2283 re
1425 2217 1493 2283 tam
1531 2204 1664 2283 difficili
1701 2230 1744 2283 ac
1782 2206 1843 2284 lu-

377 2380 474 2459 brica
517 2406 622 2485 quam
659 2384 826 2483 speciosa
863 2385 970 2486 atque
1006 2381 1129 2460 illustri
1167 2407 1255 2460 usus
1293 2385 1471 2460 anxietate
1514 2328 1607 2460 haec
1644 2380 1841 2484 fragmenta

377 2571 507 2661 poetae
536 2558 687 2636 Aretias
719 2559 904 2636 vindicare
935 2558 1153 2662 studuerim,
1189 2561 1223 2638 id
1258 2563 1293 2638 in
1321 2559 1485 2637 sollemni
1513 2561 1692 2636 concione
1730 2558 1841 2662 palam

378 2735 465 2812 ieci:
487 2733 627 2813 ‘Ueber
645 2734 994 2838 nouauigeiundene
1013 2735 1246 2839 Dichtungcn
1267 2735 1476 2814 Francesco
1494 2731 1710 2814 Petrarca’s
1740 2733 1841 2814 Vor-

377 2924 459 3013 trag
485 2914 520 2988 in
548 2911 615 2988 der
643 2909 877 2988 tilientliclnen
906 2911 1060 3015 Sitzung
1087 2912 1154 2989 der
1182 2910 1318 3014 konigl.
1341 2910 1541 2989 Alxademie
1570 2911 1637 2989 der
1660 2908 1840 2989 Wisscn·

377 3086 542 3167 schallen
570 3113 624 3166 am
656 3094 724 3170 27.
745 3087 843 3167 olam
880 3093 992 3171 1858
1022 3113 1087 3166 zur
1105 3087 1276 3166 Voricier
1303 3087 1401 3167 ilrres
1433 3095 1502 3169 99.
1525 3084 1839 3191 Stiltungstages.’

377 3263 545 3368 Aequum
575 3277 631 3344 est
658 3290 716 3344 me
745 3290 803 3368 ea,
833 3290 927 3370 quae
955 3279 1130 3370 tamquam
1159 3269 1246 3345 intra
1267 3264 1433 3367 oppidum
1453 3263 1671 3342 Academiae
1690 3264 1733 3342 ad
1761 3289 1839 3342 eam

375 3445 577 3544 opinionem
607 3442 821 3520 fulciendam
850 3456 887 3521 et
914 3442 1212 3546 comprobandam
1240 3441 1388 3543 protuli,
1424 3440 1482 3519 liic
1510 3444 1603 3520 iusto
1626 3442 1752 3520 ordine
1773 3466 1840 3519 re-

375 3630 504 3720 petere
532 3630 639 3722 atquc
667 3621 847 3698 concinne
876 3618 1076 3697 declarare.

470 3793 612 3873 Etenim
649 3795 735 3873 licet
769 3820 828 3873 me
866 3799 943 3898 ipso
981 3807 1019 3873 et
1045 3800 1189 3875 nomine
1219 3806 1256 3873 et
1283 3805 1405 3872 natura
1433 3797 1495 3872 vix
1529 3798 1749 3895 inveniatur,
1779 3799 1837 3898 qui

376 3935 421 4049 sit
457 3975 572 4076 magis
610 3971 819 4050 incredulus
854 3977 1044 4077 magisque
1083 3978 1132 4052 uti
1170 3974 1268 4073 aliis,
1306 3974 1352 4049 ita
1390 3971 1520 4072 edepol
1559 3973 1662 4050 etiam
1700 3970 1843 4048 sibimet

376 4147 568 4250 diffidens,
596 4160 692 4228 tanto
726 4150 897 4230 hermaeo
933 4164 1079 4254 praeter
1106 4151 1396 4252 expectationem
1434 4170 1483 4224 ex
1511 4146 1691 4248 locuplete
1722 4148 1839 4227 iodina

376 4324 531 4428 prolato,
569 4347 640 4403 non
676 4326 784 4406 modo
819 4330 945 4430 instat,
981 4326 1077 4431 quod
1114 4351 1178 4429 par
1205 4337 1275 4426 est,
1311 4329 1547 4403 cinctutorum
1581 4322 1735 4401 iudicum
1764 4324 1837 4401 du-

373 4500 513 4602 bitatio,
542 4504 715 4579 acerrima
743 4507 903 4583 veritatis
931 4503 1151 4607 indagatrix,
1181 4502 1247 4582 sed
1276 4503 1379 4579 ctiam
1408 4500 1560 4602 maligna
1590 4500 1833 4602 incredulitas,

374 4676 528 4755 invidiae
557 4700 660 4756 soror
687 4701 860 4781 germana
888 4725 949 4736 —
977 4670 1211 4775 φθονοῦντες
1245 4667 1322 4778 ἤδη
1355 4675 1415 4752 καὶ
1447 4663 1681 4752 ἀπιστοῦσιν.
1735 4675 1837 4754 lianc
