4880 6314
500 1143 574 1249 Chi
602 1170 767 1249 crodoria
794 1167 943 1272 possibil
973 1167 1043 1247 cho
1072 1169 1145 1247 dun
1174 1167 1359 1272 sguardo=

562 1346 683 1426 Fusse
710 1370 760 1425 un
788 1369 879 1425 ouor
906 1345 1035 1426 froddo
1062 1348 1098 1422 in
1128 1369 1176 1423 un
1204 1356 1385 1425 momento
1412 1365 1548 1422 aoceso

564 1522 600 1603 A
626 1523 725 1601 laura
752 1534 790 1601 et
817 1522 934 1604 aeolei
961 1547 1031 1627 per
1056 1527 1213 1628 progion
1240 1545 1326 1601 reso
1483 1513 1496 1589 '-

563 1699 640 1779 Per
666 1703 725 1778 cui
752 1712 868 1780 tremo
896 1700 956 1780 nol
986 1697 1096 1778 suono
1124 1700 1208 1780 enel
1237 1702 1356 1803 giacio
1384 1699 1471 1778 ardo

504 2107 574 2190 mai
601 2132 674 2189 non
702 2109 741 2188 fu
768 2113 799 2188 si
826 2109 961 2190 uelooo
988 2111 1121 2215 aproda
1148 2107 1259 2213 pardo

570 2284 628 2365 Ne
656 2309 770 2367 oeruo
798 2286 918 2390 afugit
943 2310 1036 2365 cane
1063 2311 1086 2366 ο
1112 2286 1218 2365 'laciol
1244 2297 1326 2364 teso
1479 2279 1486 2306 ²

571 2461 685 2543 Come
713 2463 751 2543 fu
779 2465 911 2542 alesca'
928 2476 1092 2568 prompto
1119 2462 1237 2543 inchio
1266 2462 1304 2540 fu
1330 2485 1441 2567 proso
1486 2451 1489 2463 ’

570 2641 620 2722 Et
646 2667 690 2722 or
715 2664 783 2720 son
810 2640 842 2719 al
870 2646 989 2744 pentir
1015 2644 1046 2720 si
1071 2641 1171 2721 lento
1198 2641 1324 2720 otardo

509 3049 618 3132 Cossi
645 3075 713 3130 son
740 3051 800 3130 del
828 3053 901 3130 mio
927 3059 1019 3128 stato
1046 3052 1082 3128 in
1109 3048 1225 3128 dubio·
1245 3071 1368 3127 messo

571 3227 628 3309 Ne
656 3253 767 3332 posso
794 3253 826 3322 ο,
846 3253 889 3308 so
917 3227 1035 3306 under
1062 3227 1097 3305 di
1125 3228 1184 3303 oui
1212 3228 1258 3303 mi
1285 3224 1407 3329 doglia
1456 3269 1460 3276 ·

569 3407 615 3485 Di
643 3406 817 3486 madonna
845 3430 869 3485 o
897 3405 1021 3484 damor
1048 3427 1070 3482 ο
1099 3402 1134 3480 di
1163 3425 1220 3481 me
1249 3414 1370 3482 stesso

511 3812 603 3896 chio
631 3837 673 3892 so
702 3815 872 3894 chonon
900 3816 1038 3892 uentrai
1067 3835 1177 3891 senza
1206 3816 1271 3891 mia
1300 3813 1422 3917 uoglia

574 3993 632 4074 No
659 3990 835 4072 madonna
858 4015 911 4068 ιιο
939 4014 1039 4070 amor
1063 3991 1166 4094 longi
1193 3995 1216 4067 ό
1245 3989 1419 4091 dapresso

577 4167 668 4251 chio
695 4174 845 4253 manoda
873 4167 1039 4248 missorza
1068 4165 1176 4246 ochio
1202 4169 1249 4245 mi
1278 4167 1443 4270 scioglia.

1421 4260 1447 4393 3
