4880 6314
927 531 1031 598 XXXI

274 753 309 828 in
336 747 428 827 haec
455 751 529 851 ipsa
558 773 639 825 cum
675 752 837 851 pernicie
866 765 1061 853 grassatam
1099 780 1198 834 esse.
1264 755 1378 835 Valde
1415 761 1515 837 enim'
1543 771 1601 837 εει
1635 783 1726 863 pro-

274 925 407 1028 babile,
443 925 558 1004 codici
596 929 682 1028 ipsi,
720 926 763 1004 ab
801 929 896 1006 initio
933 953 1060 1009 manco
1097 943 1134 1009 ει
1168 932 1303 1034 lacero,
1341 936 1499 1013 iniuriam
1536 947 1724 1039 propterea

274 1104 400 1183 illatam
428 1127 530 1205 esse,
559 1102 654 1206 quod
682 1106 901 1205 potissimum
929 1107 963 1183 in
997 1132 1039 1186 ea
1068 1120 1167 1210 parte
1194 1108 1250 1186 illa
1279 1113 1431 1189 carmina
1460 1112 1579 1192 locum
1606 1112 1726 1191 habe-

273 1283 369 1383 bant,
398 1305 492 1384 quae
519 1305 581 1359 res
609 1279 770 1382 publicas
798 1292 835 1359 et
861 1305 983 1359 sacras
1010 1283 1313 1386 perstringebant.

368 1582 444 1662 Sed
471 1581 562 1660 haec
590 1605 736 1686 quoque
763 1595 924 1684 poemata
952 1607 1023 1661 non
1052 1584 1166 1662 solum
1194 1585 1399 1666 elocutione
1427 1599 1534 1691 atque
1561 1590 1724 1690 ingenio,

234 1757 241 1772 '
273 1761 307 1840 id
336 1759 430 1864 quod
459 1783 633 1836 summum
661 1769 731 1858 est,
760 1783 887 1837 verum
916 1763 1020 1837 etiam
1054 1761 1205 1863 singulis
1233 1775 1292 1840 aut
1327 1763 1449 1842 verbis
1483 1776 1542 1841 aut
1569 1774 1724 1841 senten-

273 1940 328 2016 tiis
356 1935 562 2014 Petrarcam
598 1946 781 2013 auctorem
818 1933 1004 2015 manilesto
1038 1948 1224 2017 testantur.
1295 1937 1523 2019 Conferenda
1562 1949 1644 2016 sunt
1668 1962 1724 2015 -ea

273 2118 408 2194 ratione
442 2112 533 2190 haec
571 2115 724 2191 carmina
761 2137 843 2189 cum
880 2112 960 2214 iltis,
998 2138 1091 2217 quae
1128 2118 1220 2192 inter
1256 2117 1348 2194 edita
1385 2116 1548 2196 seruntur
1581 2117 1724 2194 nomine

275 2292 427 2371 ‘Sonetti
456 2288 656 2368 eCanzoni
684 2312 788 2390 sopra
817 2288 893 2391 varj
922 2287 1148 2393 argomenti.'
1194 2290 1268 2370 Sed
1297 2295 1327 2368 si
1347 2297 1427 2397 quis
1454 2304 1584 2394 poetae
1612 2295 1722 2369 nostri

271 2469 363 2548 lraec
391 2470 576 2546 severiora
604 2466 717 2545 studia
737 2489 961 2567 pernoscere
986 2468 1086 2570 velit,
1117 2468 1220 2547 adeat
1239 2493 1399 2548 necesse
1420 2483 1477 2548 est
1503 2469 1594 2547 illius
1613 2492 1723 2571 opera

271 2647 404 2748 Latina,
443 2643 612 2747 epistolas
648 2646 843 2746 praecipue
872 2656 908 2722 et
936 2644 1100 2748 eclogas.
1166 2644 1252 2724 lnde
1290 2659 1326 2724 et
1361 2646 1549 2724 similitudo
1586 2647 1722 2748 ingenii

270 2824 313 2903 ad
341 2845 502 2926 unguem
531 2830 699 2922 emerget
727 2831 764 2896 et
790 2821 966 2921 parabitur
992 2825 1081 2900 iusta
1109 2846 1228 2901 rerum
1258 2826 1429 2925 cognitio.

363 3127 524 3207 Sufficiat
550 3122 607 3200 hic
641 3145 752 3224 pauca
780 3123 958 3202 dumtaxat
993 3125 1105 3228 digito
1134 3128 1326 3226 attingere,
1365 3147 1473 3228 quum
1510 3126 1569 3226 qui
1606 3125 1720 3199 omnia

270 3305 489 3409 perlustrare
508 3300 632 3400 vellet⁷
654 3289 926 3380 commentarios
954 3305 1116 3404 integros
1146 3302 1328 3403 expleret3
1356 3300 1389 3378 id
1418 3300 1512 3404 quod
1542 3321 1617 3403 ego
1637 3301 1721 3402 qui·

268 3484 351 3561 dem
378 3505 449 3559 nec
477 3478 560 3557 volo
588 3502 658 3556 nec
686 3477 804 3554 valeo.
1104 3459 1121 3510 ⁰

361 3779 408 3860 Ut
436 3807 454 3858 a
483 3782 594 3881 primo
622 3781 779 3858 carmine
807 3781 982 3880 incipiam,
1012 3779 1094 3857 illud
1123 3783 1236 3883 tangit
1263 3789 1387 3881 aperte
1417 3775 1601 3856 Nicolaum
1619 3776 1719 3855 Lau-

267 3962 384 4060 rentii,
419 3957 581 4036 secundo
611 3956 805 4035 Tribunum
832 3955 1086 4056 Romanorum,
1122 3980 1230 4058 quum
1261 3958 1391 4032 iamin
1420 3977 1465 4030 eo
1494 3977 1580 4031 esse
1608 3953 1719 4031 vide-

268 4147 367 4213 retur
394 4145 431 4212 ut
465 4137 500 4211 in
529 4139 677 4236 gurgite
705 4156 824 4211 rerum
861 4135 1001 4234 ipsein
1035 4156 1213 4234 praeceps
1250 4131 1405 4209 daretur.
1472 4129 1529 4210 Eo
1556 4143 1719 4234 tempore

268 4315 396 4414 scn'pta
426 4323 483 4390 est
509 4311 703 4390 Petrarcae
731 4311 775 4388 ad
802 4310 897 4388 illum
917 4309 1080 4412 epistola,
1110 4325 1279 4413 quaeest
1305 4308 1584 4409 intercpistolas
1614 4307 1719 4384 lami·

265 4488 372 4566 liares
399 4485 477 4588 vlt,
510 4491 548 4568 7.
614 4486 701 4566 lnde
729 4487 785 4565 hic
812 4487 914 4565 locus
934 4490 1089 4591 apprime
1109 4489 1296 4565 convenit:
1326 4484 1441 4560 ‘nostr'
1468 4481 1603 4586 quitur
1628 4489 1719 4558 tru-

265 4662 420 4742 mitibua
454 4662 508 4738 ud
541 4663 704 4764 plurium
739 4663 973 4764 ascendisti,
1010 4665 1138 4739 uersis
1175 4671 1279 4739 retro
1307 4666 1487 4762 uestigiis
1519 4659 1609 4738 inde
1643 4659 1718 4736 dc-
