4880 6314
1327 472 1446 540 XXXI]

660 692 857 774 reeudttur
893 701 932 772 et
967 702 1113 772 nature
1145 693 1302 798 facilior
1329 701 1389 771 eet
1418 691 1638 772 deeceueue.
1669 694 1857 773 tutissime
1884 698 1983 772 euim
2006 698 2120 796 patet

660 893 781 974 ueque
809 868 929 948 eodum
957 869 1065 973 apud
1090 870 1237 973 inseror
1264 869 1386 946 locum
1412 867 1534 970 tuter,
1563 870 1666 974 quod
1691 895 1718 948 u
1739 877 1860 973 poete
1886 869 2030 948 dieitur

1053 1045 1186 1149 suedie
1214 1043 1423 1124 deeceueue
1450 1045 1600 1125 Auerni

661 1245 812 1324 eeruuer
839 1245 889 1300 ee
917 1221 995 1298 utto
1017 1220 1275 1324 periculosior
1302 1246 1420 1300 eueue
1452 1232 1513 1304 eet
1539 1231 1578 1301 et
1604 1222 1699 1326 quid
1724 1247 1792 1300 oro
1827 1227 1975 1299 uirtute
2002 1220 2123 1298 eitius

661 1423 709 1476 ae
736 1397 875 1498 utorio,
902 1395 1066 1500 quarum
1093 1402 1135 1474 iu
1161 1402 1345 1476 uerticem
1371 1398 1650 1478 conscenderas
1776 1397 1876 1476 itane
1902 1396 1994 1476 metr
2020 1421 2122 1501 quu-

661 1598 734 1677 que
762 1549 1013 1653 durissimum
1040 1579 1308 1653 necessitatem
1344 1581 1480 1676 eduae,
1517 1599 1564 1654 ue
1600 1575 1744 1677 tyrieue
1776 1583 1992 1678 apparatus
2026 1581 2121 1651 tua-

657 1774 746 1826 rum
781 1748 958 1850 laudum,
1004 1757 1045 1828 tu
1080 1775 1154 1853 que
1200 1759 1298 1828 teste
1333 1751 1486 1854 quidem
1521 1751 1591 1829 hoe
1626 1753 1773 1830 eudemo
1816 1751 1958 1828 multus
2000 1774 2120 1848 eraut,
2192 1731 2200 1750 ⁸

662 1925 838 2004 deeiuere
865 1935 1029 2027 coquitur
1056 1932 1097 2003 iu
1124 1929 1313 2004 sutirum?

758 2208 907 2288 Constet
933 2207 1167 2287 Franciseum
1185 2209 1504 2288 vehementissime
1530 2215 1712 2288 invectum
1731 2235 1818 2288 esse
1846 2213 1881 2286 in
1900 2213 2006 2287 vitun
2034 2221 2119 2287 tune

661 2389 834 2487 temporis
854 2384 1059 2462 dissolutam
1080 2398 1149 2464 tam
1169 2385 1421 2486 Romanorum,
1442 2410 1546 2489 quem
1564 2385 1776 2465 Pontificum
1796 2386 2123 2487 Avenionensium,

662 2565 746 2639 item
765 2564 917 2638 maxime
938 2560 1099 2640 doluisse
1126 2561 1339 2664 flagitiosam
1359 2562 1543 2641 ecclesiae
1563 2560 1782 2642 Christianae
1810 2567 1959 2664 ruinam,
1988 2561 2121 2664 italiae,

663 2734 761 2812 ‘uidi
784 2734 873 2838 eui‚'
903 2737 1059 2840 lugubre
1080 2741 1242 2838 exitium3
1272 2739 1429 2816 eundem
1448 2763 1538 2817 vero
1559 2742 1662 2816 etiam
1683 2738 1815 2842 gaudio
1835 2740 2034 2840 exultasse,
2061 2737 2124 2815 ubi

665 2935 752 3014 spes
777 2909 868 2988 bone
897 2911 1030 2991 adesse
1057 2912 1243 2991 videretur
1271 2913 1368 3016 iore,
1397 2927 1436 2993 ut
1453 2918 1586 3018 patriae
1605 2918 1856 2994 restitueretur
1881 2940 1949 3017 pax
1969 2925 2006 2992 et
2025 2938 2123 2993 eon-

663 3087 798 3189 cordia,
826 3085 964 3165 Romae
991 3087 1207 3167 redderetur
1227 3088 1336 3193 Papa,
1365 3094 1481 3193 prisea
1503 3089 1779 3170 Christianorum
1806 3095 1937 3170 virtute
1957 3093 2119 3170 amictus.

662 3263 756 3342 Eius
783 3267 837 3341 rei
865 3267 1064 3342 testimonie
1092 3277 1175 3343 sunt
1202 3264 1281 3342 iere
1300 3266 1447 3369 plurime
1476 3269 1644 3369 earmina,
1673 3290 1765 3370 quae
1790 3266 1962 3371 leguntur
1980 3267 2023 3346 ad
2051 3290 2121 3369 pa-

663 3443 783 3544 ginam
810 3463 929 3543 usque
955 3445 1019 3522 tt.
1086 3438 1270 3544 Excerptu
1299 3439 1472 3546 quaedam
1501 3442 1656 3522 doceant
1683 3442 1857 3522 editorum
1884 3443 2122 3522 ineditorum-

666 3639 738 3720 que
767 3619 892 3693 mirum
919 3639 1151 3695 eonsensum.

933 3888 1107 3955 SONE'I'I'I
1130 3891 1250 3974 (sopra
1272 3893 1337 3974 varj
1363 3895 1562 3978 argumenti)
1585 3893 1652 3975 XV,
1676 3895 1758 3978 XVI,
1783 3894 1835 3962 VI.

982 4102 1141 4176 L’auaru
1166 4103 1353 4179 Baddouiu
1378 4106 1424 4179 itu
1451 4108 1555 4181 eotmo
1583 4110 1607 4181 't
1633 4133 1731 4185 saeco
1760 4167 1786 4182 ..

987 4261 1057 4334 dtu
1083 4261 1195 4336 Reme
1222 4289 1261 4337 or
1285 4264 1470 4340 Baedunia
1497 4267 1592 4354 falsa
1619 4294 1637 4341 e
1663 4272 1719 4343 riu

1291 4448 1360 4516 per
1382 4425 1513 4514 riaecur
1539 4428 1570 4500 te
1596 4452 1701 4502 corna

982 4578 1332 4656 ABmmwn„
