4880 6314
994 553 1089 619 xvn.

546 765 706 839 Poscenti
732 770 771 840 di
797 771 905 862 dolor,
928 771 1128 863 pionoeodc
1155 773 1232 845 ride
1238 797 1250 860 ,·

545 926 775 1020 Eyuotntentc
801 933 849 1002 mi
874 934 992 1022 spicea
1017 939 1123 1004 nwrte
1151 955 1168 1006 c
1195 934 1276 1004 vito.

546 1088 595 1160 Io
621 1094 851 1179 quamnam
877 1113 950 1181 amr,
979 1090 1122 1181 Donata,
1143 1112 1211 1183 per
1237 1091 1307 1163 oui.

399 1321 490 1401 Mire
519 1328 714 1403 concinunt
748 1347 792 1404 ea
819 1331 1008 1429 poematia,
1038 1352 1131 1432 quac
1159 1325 1496 1429 tauromenum,
1524 1325 1663 1406 Laurae
1690 1332 1770 1407 vir·-

305 1511 414 1599 tutes7
443 1497 583 1579 laurae
611 1499 865 1582 formositatem
892 1503 1056 1582 laudibus
1084 1503 1254 1583 ederunt.
1302 1501 1358 1582 Ea
1387 1507 1523 1582 ratione
1549 1505 1769 1584 conferenda

304 1686 400 1776 sunt⁷
430 1700 524 1780 quae
552 1683 742 1782 congessit
772 1690 829 1754 DE
853 1688 961 1756 SADE
996 1679 1205 1759 ‘Memoircs
1232 1704 1324 1783 pour
1349 1677 1381 1758 la
1400 1683 1461 1758 vie
1488 1681 1537 1760 de
1558 1679 1768 1785 Petrurque'

303 1852 331 1931 1.
362 1857 440 1934 tut
464 1879 545 1958 sqq.
574 1855 749 1934 -licet
779 1855 839 1934 illc
867 1881 939 1936 non
967 1882 1115 1961 prorsus
1144 1860 1259 1935 omnia
1289 1843 1575 1936 exhauserit'-
1598 1882 1680 1970 cum
1708 1861 1764 1961 iis,

305 2055 397 2135 quac
431 2038 586 2113 carmina
614 2038 649 2112 in
680 2041 802 2108 PAGG.
826 2041 879 2125 21,
905 2039 958 2124 28,
983 2042 1036 2125 m,
1062 2041 1115 2124 70,
1140 2043 1195 2124 86,
1221 2039 1274 2123 89,
1299 2041 1343 2108 90
1374 2035 1593 2137 praedicant.

398 2245 501 2338 Quod
530 2246 615 2324 dicit
642 2246 808 2350 adagium
836 2254 875 2322 ἐκ
902 2238 973 2323 τού
1000 2237 1092 2343 ὁρᾶν
1120 2247 1291 2351 γίγνεται
1322 2234 1367 2321 ad
1395 2236 1503 2342 ἐρᾶν,
1538 2247 1572 2326 id
1600 2252 1661 2324 vix
1690 2250 1770 2350 quis

303 2424 392 2500 alius
420 2435 524 2526 poeta
553 2423 702 2502 uberius
739 2435 777 2502 et
813 2423 996 2502 ardentius
1034 2427 1188 2502 cantavit
1215 2423 1366 2500 Arctinc
1402 2434 1546 2524 nostro⁷
1581 2424 1768 2502 oculorum

302 2602 466 2680 dominae
511 2625 600 2678 suco
643 2599 825 2678 laudatore
869 2599 1053 2678 fascinato.
1119 2599 1218 2678 idem
1254 2597 1358 2676 nobis
1399 2601 1591 2702 imaginem
1628 2597 1767 2678 Laurae

301 2803 389 2858 suae
417 2777 572 2881 plenam,
601 2780 778 2881 integram
806 2788 845 2855 ct
871 2788 1003 2855 tantum
1029 2799 1103 2854 non
1137 2774 1266 2852 nudam
1295 2779 1495 2878 expressit3
1530 2789 1647 2855 umen
1675 2801 1763 2880 par-

299 2956 406 3035 ticula
442 2954 564 3034 vultus
591 2955 708 3034 adhuc
742 2955 893 3056 latebat,
922 2957 1057 3032 narium
1086 2951 1210 3030 iorma.
1274 2949 1323 3030 Ut
1355 2953 1403 3032 dc
1437 2978 1481 3031 ea
1515 2977 1661 3057 quoque
1695 2978 1764 3031 ac-

200 3135 202 3140 '
301 3136 489 3238 quiescant
516 3135 662 3234 curiosi,
692 3132 849 3212 tretium
876 3155 991 3209 versu
1021 3139 1114 3204 PAG.
1142 3135 1223 3203 roc:

592 3329 667 3402 nat
693 3353 778 3404 noso
805 3328 902 3402 cirino
928 3328 957 3400 tt
982 3327 1045 3400 atet
1065 3330 1275 3418 peroratio
1301 3325 1440 3418 efferae,
1536 3353 1540 3360 ·

299 3524 360 3603 ubi
387 3531 423 3603 in
449 3548 556 3627 prosa
583 3522 783 3626 legendum
810 3533 904 3600 erat:
931 3517 1042 3596 odino
1069 3516 1127 3594 olt’
1154 3517 1186 3594 tt
1210 3516 1285 3595 raet
1309 3528 1383 3596 etc.

394 3761 524 3843 Totum
559 3787 650 3842 vero
692 3761 761 3841 hoo
799 3782 945 3839 carmen
988 3757 1234 3836 abundantiam
1271 3755 1363 3833 illam
1404 3755 1567 3857 redolet,
1605 3755 1653 3834 de
1690 3779 1760 3859 qua

298 3946 403 4021 nimia
430 3953 469 4019 et
496 3940 601 4020 facile
629 3938 782 4019 absurda
814 3940 985 4040 princeps
1013 3937 1218 4013 criticorum
1245 3931 1457 4012 Germaniae
1484 3930 1700 4035 Lessingius
1727 3935 1762 4009 in

299 4116 505 4199 Laocoonte
532 4115 753 4220 tepidissime
781 4117 935 4217 scripsit.

389 4329 560 4409 lateritia
581 4331 735 4407 carmina
754 4329 906 4404 maxime
925 4324 990 4405 sibi
1008 4335 1215 4428 congruunt
1247 4328 1433 4398 SONEi'ro
1457 4327 1538 4394 CLX
1561 4327 1631 4394 ootl.
1646 4327 1758 4412 cvm,

298 4521 330 4583 et
360 4517 453 4582 PAG.
478 4515 537 4595 21,
580 4529 689 4610 quum
735 4526 883 4582 carmen
920 4510 1012 4578 Pnc.
1043 4507 1087 4576 86
1128 4506 1301 4580 intextum
1343 4499 1506 4575 invenias
1551 4493 1759 4598 ‘Triumpho

297 4680 491 4786 castitatis',
520 4681 575 4762 his
604 4682 748 4787 quidem
775 4679 959 4762 versibus:

1527 4819 1548 4874 c
