4880 6314
944 524 1077 592 XXXIX

282 771 398 829 manu
425 745 628 828 retentae
655 750 855 826 neeman
882 753 997 847 atque
1024 744 1094 822 loc
1111 770 1228 824 anum
1254 750 1466 824 senectutis
1490 746 1648 824 ultuma
1675 745 1760 823 lu-·

281 949 387 1001 crum
410 932 564 1027 patant,
592 949 640 1004 ea
663 924 797 1027 sacae
823 947 922 1026 quae
950 927 1106 1001 iuvem
1134 948 1211 1000 icon
1237 924 1436 1002 auderem.
1483 921 1566 1001 Hos
1593 927 1756 1018 amicos,

282 1108 320 1178 et
355 1099 424 1176 lios
451 1123 589 1177 nenuos
624 1097 759 1178 tribuit
796 1099 884 1177 licie
911 1097 1088 1177 Baculus
1123 1101 1345 1201 indemens,
1379 1100 1468 1178 linc
1500 1099 1744 1189 uientaliusn

283 1282 344 1354 uis
380 1274 633 1354 Becciacum.
708 1275 741 1354 0
783 1275 974 1377 moestus
1009 1286 1047 1354 et
1084 1277 1274 1381 Campani
1308 1277 1510 1380 palmites,
1555 1301 1577 1354 a
1614 1275 1745 1354 dakes

284 1453 495 1530 arundines
531 1462 569 1532 ct
602 1452 755 1532 indicae
784 1459 986 1555 niqraotes
1018 1453 1246 1533 arbusculae
1281 1456 1336 1532 ad
1366 1454 1549 1532 lcnwstas
1585 1425 1755 1532 delicias

286 1639 324 1708 et
350 1630 540 1708 utilitates
567 1629 758 1708 laminam
784 1638 954 1733 aeetae,
993 1637 1036 1708 in
1063 1656 1158 1734 qnos
1184 1655 1282 1708 usas
1309 1640 1347 1708 et
1374 1641 1558 1735 quasdam
1586 1636 1761 1746 antina-¹

284 1832 370 1884 cum
392 1814 602 1910 perniciem
632 1807 851 1910 clademque
878 1810 1095 1887 vertimini!
1132 1817 1281 1912 spectat
1308 1808 1404 1887 iaec
1429 1807 1581 1888 Seston
1613 1809 1746 1887 rideas

284 1994 399 2087 atqua
425 1991 583 2087 inpari
609 1987 781 2090 tripudio
809 1985 1022 2064 delectatus
1056 1991 1231 2088 interque
1267 1986 1484 2090 decrepitos
1517 2011 1566 2062 ac
1594 1983 1746 2089 puellas

283 2157 429 2238 arbiter
456 2160 594 2245 sedeas
622 2172 750 2267 stupet
771 2163 863 2267 plus
890 2163 976 2242 illos
1003 2188 1122 2265 aqere
1148 2189 1262 2266 quaen
1290 2187 1333 2241 se
1359 2163 1522 2241 lactari.

376 2480 501 2560 Restat
528 2493 566 2560 ut
593 2481 640 2560 de
669 2483 778 2562 forma
806 2482 911 2562 huius
940 2482 1104 2561 editionis
1132 2508 1244 2586 pauca
1279 2508 1455 2561 moneam.
1522 2479 1640 2576 Quum
1673 2502 1746 2559 non

286 2662 364 2736 sine
393 2661 481 2736 iusto
509 2665 645 2739 ratione
680 2661 839 2764 collegio
868 2661 1082 2764 amplissimo
1109 2662 1318 2764 placuisset,
1357 2661 1521 2740 codicem
1550 2664 1594 2739 ito
1623 2661 1747 2739 eden-

285 2836 368 2915 dum
396 2860 497 2937 esse,
533 2850 570 2915 ut
602 2841 713 2940 ipsius
741 2843 842 2942 quasi
875 2839 1023 2918 alterum
1058 2839 1243 2942 exemplar
1276 2841 1469 2943 unicuique
1498 2850 1579 2917 anto
1615 2839 1743 2918 ocutos

286 3026 503 3117 poneretur,
542 3039 660 3095 meum
698 3028 795 3117 eret,
835 3041 915 3095 cum
945 3041 1079 3095 summo
1108 3016 1180 3094 nde
1209 3017 1269 3094 vet
1307 3020 1341 3095 in
1370 3014 1548 3118 punctittis
1577 3019 1744 3119 exsequi,

287 3194 382 3296 quod
412 3195 609 3273 mandatum
639 3207 752 3274 esset.
805 3195 891 3273 inde
921 3195 1149 3295 factumest,
1179 3206 1315 3274 utnon
1344 3193 1458 3272 solum
1487 3204 1621 3293 textus,
1651 3217 1747 3296 quu-

285 3369 328 3447 lis
356 3372 390 3446 in
419 3373 497 3472 ipso
526 3372 655 3450 codice
684 3375 855 3472 cernitur,
892 3375 1044 3450 intactos
1079 3383 1185 3476 utque
1223 3375 1422 3449 immutatus
1451 3393 1533 3447 cum
1561 3394 1627 3449 suo
1655 3394 1746 3472 pro-

288 3550 364 3649 prio
392 3547 508 3626 habitu
538 3561 595 3650 et,
624 3562 662 3627 ut
688 3553 731 3628 ita
760 3550 895 3651 dicem,
926 3573 993 3628 suo
1022 3550 1121 3628 vultu
1151 3553 1257 3627 etiem
1285 3547 1341 3626 hic
1370 3546 1644 3649 diligentissime
1673 3571 1747 3626 ex-

290 3749 402 3802 cusus
430 3729 487 3828 sit,
516 3751 644 3805 verum
672 3728 777 3806 etium
805 3731 978 3828 carmine,
1015 3729 1062 3805 uti
1091 3737 1174 3804 sunt
1202 3730 1401 3805 continuate
1429 3749 1552 3830 neque
1580 3725 1748 3804 librario-

286 3925 362 3980 rum
391 3905 484 3980 notis
512 3900 688 4003 distincto,
717 3907 751 3981 in
779 3929 948 3983 scaenam
982 3904 1168 4007 prodeant.
1239 3903 1366 4007 Neque
1404 3916 1522 3982 tomen
1556 3902 1648 3981 odeo
1686 3907 1747 3981 in-

286 4078 510 4181 dulgendum
537 4080 724 4160 videbatur
750 4081 879 4160 librarii
907 4081 1048 4162 arbitrio
1077 4094 1127 4183 ut,
1157 4105 1250 4185 quae
1278 4082 1338 4160 itte
1358 4085 1489 4185 quippo
1518 4080 1623 4159 homo
1650 4104 1749 4183 pec-

289 4263 460 4360 cavisset,
489 4282 553 4361 pro
581 4262 677 4337 sanis
705 4272 742 4337 et
769 4263 867 4336 veris
890 4283 1023 4337 venum
1051 4261 1155 4337 irent.
1224 4259 1398 4361 Si·igitur
1425 4271 1484 4335 nut
1510 4257 1632 4360 tapsus
1651 4283 1748 4336 ocu-

289 4435 403 4515 lorum
439 4447 498 4515 aut
532 4458 633 4513 error
670 4458 794 4513 manus
830 4434 1188 4538 deprehendebatur,
1226 4439 1257 4512 si
1294 4447 1353 4515 sut
1389 4436 1526 4513 deesse
1563 4447 1621 4513 aut
1654 4436 1746 4514 mete

289 4613 422 4692 adesse
450 4613 577 4716 aliquid
607 4613 830 4691 manifestum
859 4624 949 4716 eret,
978 4611 1137 4691 officium
1165 4612 1333 4692 monendi
1362 4623 1399 4690 et
1420 4610 1634 4698 emendandi
1653 4611 1748 4690 nolte
