4880 6314
1060 569 1106 636 XI

448 794 539 874 Sunt
564 815 655 872 vero
682 803 871 894 praeterea
899 791 1013 897 plura,
1043 818 1136 899 quae
1157 789 1328 870 Petrarea
1357 771 1413 870 ex'
1431 794 1581 895 gurgite
1603 795 1671 870 isto
1697 773 1815 896 uber-

352 975 440 1050 rimo
466 973 502 1046 in
529 971 628 1048 rivos
655 991 743 1046 suos
771 967 932 1047 deberit.
1002 969 1038 1048 id
1075 993 1122 1048 eo
1150 992 1243 1048 aevo
1276 971 1311 1045 in
1339 992 1440 1048 more
1469 968 1532 1047 iuit
1565 980 1673 1072 atque
1706 969 1816 1049 docet

354 1145 476 1249 simul,
505 1156 669 1249 quantam
696 1147 768 1223 vim
797 1143 949 1223 sutttme
977 1149 1164 1248 ingenium
1191 1145 1251 1223 vel
1281 1143 1383 1222 brevi
1411 1148 1582 1248 temporis
1609 1148 1722 1248 spatio
1750 1170 1818 1268 per

355 1347 482 1416 omnes
509 1333 630 1424 partes
667 1333 855 1401 exerceat.
920 1319 1036 1400 Licuit
1072 1322 1207 1401 idcireo
1235 1334 1366 1424 poetae
1403 1334 1526 1444 nostro
1564 1325 1599 1400 in
1633 1331 1725 1397 PAG.
1762 1329 1815 1397 85.

356 1505 500 1604 integro
528 1521 642 1576 versu
670 1499 893 1577 commodato

697 1669 732 1739 A
760 1669 854 1742 uallo
881 1677 994 1743 amoto
1020 1668 1130 1743 Amor
1150 1670 1310 1761 perdono
1337 1691 1452 1742 oraora

340 1856 524 1932 ,carminis
552 1851 733 1955 elegantis
762 1851 869 1929 imem
898 1850 1023 1930 iacere
1047 1813 1329 1955 elegantiorem3
1358 1855 1418 1956 qui
1435 1845 1569 1930 versus
1587 1853 1820 1956 depromptus

358 2042 417 2108 est
443 2052 491 2107 ex
518 2027 602 2107 loeo
629 2025 770 2106 notabili
799 2032 833 2105 in
863 2025 1034 2108 ‘lniemo'
1062 2027 1119 2131 V,
1157 2034 1261 2130 tot,
1298 2027 1357 2106 ubi
1386 2027 1579 2107 Francisoa
1609 2028 1819 2110 Ariminen-

361 2209 410 2284 sis
438 2208 483 2284 tta

624 2374 745 2465 Amor,
774 2374 833 2448 obe
860 2399 883 2448 o
909 2375 1004 2448 auxta
1031 2384 1145 2449 outoto
1172 2399 1273 2449 orama
1292 2377 1468 2468 perdono,

622 2532 683 2604 Mi
701 2557 805 2626 prese
831 2535 887 2608 det
913 2536 1021 2610 matut
1039 2536 1164 2626 piooer
1189 2539 1221 2608 ai
1248 2534 1348 2626 forie,

628 2692 698 2766 Gbe
725 2716 815 2766 come
840 2695 920 2765 uadi
946 2717 1051 2766 oaoor
1077 2718 1144 2766 ooo
1170 2697 1219 2766 mi
1245 2694 1457 2768 obborulonu.

454 2881 504 2962 m
530 2909 638 2986 quum
665 2884 803 2963 Dentes
830 2888 865 2963 in
895 2883 1065 2964 ‘lniemo'
1094 2897 1201 2989 eaput
1226 2883 1381 2964 XXXIV
1409 2889 1453 2964 ita
1482 2889 1644 2991 incipiat⁷
1682 2896 1822 2971 cantico

360 3075 489 3141 vetere
517 3060 659 3163 paulum
686 3059 911 3164 amplificato,

737 3228 871 3305 Veaitto
897 3232 988 3323 reaia
1008 3233 1181 3323 prodeunt
1208 3234 1338 3323 tarbua·
1362 3275 1416 3290 -

362 3427 488 3494 noster
513 3413 684 3494 Petraroa
699 3417 853 3518 poemati
873 3413 1066 3494 sublimiori
1098 3424 1204 3505 (Pto.
1230 3423 1286 3508 to)
1318 3418 1413 3496 idem
1432 3419 1533 3497 stmit
1552 3420 1738 3498 exordium
1758 3445 1825 3500 suo

359 3615 460 3672 more
487 3593 702 3672 immutatum

758 3760 866 3854 Reois
893 3763 1022 3835 celestia
1041 3763 1215 3854 prodeam
1241 3765 1378 3838 vomito.

365 3929 440 4008 Sed
468 3927 559 4006 baeo
587 3926 776 4006 haetenus.

454 4131 513 4209 iila
542 4133 651 4234 igitur
676 4132 838 4232 argutior
864 4134 1107 4234 interpretatio
1125 4131 1389 4245 ¹Submeilerum
1416 4138 1529 4237 primo
1552 4136 1678 4215 obtutu
1708 4136 1817 4215 ieiel·

361 4306 400 4386 iit
426 4320 464 4385 et
491 4319 582 4386 stam
609 4308 683 4410 tito,
712 4331 820 4412 quem
848 4306 1014 4410 diximus,
1043 4332 1136 4388 anno
1172 4310 1219 4387 de
1246 4309 1417 4390 Petrarea
1452 4271 1645 4390 carminum
1674 4326 1822 4392 auctore

365 4484 553 4588 ambigere
581 4483 750 4562 debebat.

457 4688 494 4766 id
523 4691 589 4765 iam
617 4686 719 4766 aliter
746 4710 788 4764 se
815 4685 935 4765 babet.
957 4685 1141 4798 ¹Namque
1170 4714 1277 4793 quum
1306 4693 1449 4769 omuino
1477 4690 1617 4770 indoles
1645 4695 1822 4771 sermonis

1570 4840 1612 4895 Ba
