4938 6322
890 1115 954 1239 Da
982 1148 1066 1248 puoi
1095 1144 1164 1224 cho
1191 1145 1288 1224 loono
1315 1149 1382 1224 nnio
1411 1146 1570 1227 conobbi
1598 1153 1633 1227 in
1662 1153 1732 1254 quo

955 1321 1006 1416 So
1035 1321 1105 1401 ohe
1134 1347 1219 1402 cosa
1248 1345 1270 1400 e
1298 1347 1472 1426 speranza
1501 1349 1601 1405 omor
1626 1325 1715 1404 eso

953 1499 1089 1585 Sonno·
1117 1501 1220 1578 uirtu-
1249 1499 1359 1579 uolor·
1389 1504 1478 1580 forno
1506 1525 1574 1605 per
1601 1501 1671 1580 ohn

950 1677 997 1760 Dl
1025 1675 1163 1756 fortuna
1192 1677 1223 1754 lo
1251 1690 1351 1758 ruoto
1379 1679 1519 1759 intorno
1547 1685 1593 1758 vo

891 2088 943 2169 So
970 2085 1054 2194 quel
1084 2084 1154 2164 cho
1182 2087 1217 2162 in
1246 2085 1316 2163 ciel
1345 2087 1496 2190 sodopro
1525 2086 1662 2166 onohor
1687 2090 1718 2166 si
1746 2086 1780 2165 fo
1950 2094 1954 2100 ’

950 2264 1091 2365 Sposso
1120 2266 1315 2342 conosoier
1342 2263 1425 2367 quel
1456 2260 1526 2340 ohe
1554 2262 1654 2341 oltrui
1682 2287 1755 2342 non
1781 2270 1832 2344 vo

950 2439 1002 2520 So
1030 2443 1088 2523 oio
1116 2440 1187 2519 ohe
1215 2439 1282 2518 ohil
1313 2438 1429 2518 doner
1455 2440 1516 2518 nel
1544 2439 1676 2519 mondo
1704 2440 1740 2518 fo

949 2616 1025 2697 Por
1050 2618 1188 2720 premio
1216 2618 1444 2721 oguidordon
1471 2618 1503 2696 lo
1532 2641 1576 2697 su
1604 2621 1633 2695 si
1661 2623 1707 2696 vo

889 3026 941 3108 So
971 3017 1128 3131 quanto*
1155 3024 1240 3105 lhon
1267 3050 1315 3104 no
1345 3025 1376 3103 fo
1405 3037 1537 3128 quanto
1566 3024 1619 3103 for
1644 3032 1692 3128 po

950 3202 1004 3283 Le
1032 3202 1162 3305 leggn'o
1191 3202 1355 3305 adempie
1383 3204 1480 3281 undo
1508 3226 1580 3282 non
1609 3203 1700 3281 oode
1728 3206 1792 3307 gin

952 3378 988 3461 Ε
1017 3379 1064 3462 de
1091 3380 1187 3459 molti
1214 3381 1246 3459 lo
1275 3379 1322 3459 fin
1351 3379 1621 3483 comprehendo
1649 3406 1672 3459 e
1700 3385 1743 3458 so

889 3789 942 3872 So
970 3814 1076 3870 como
1103 3787 1199 3866 lauro
1228 3789 1294 3864 mia
1325 3799 1362 3864 et
1388 3789 1422 3865 io
1451 3791 1526 3864 sion
1554 3788 1602 3865 dn

946 3965 987 4044 lo
1014 3967 1119 4048 uolor
1144 3964 1332 4043 medosmo
1361 3966 1470 4068 equel
1500 3960 1580 4043 chio
1609 3963 1645 4042 fo

944 4143 1057 4224 Fazo!
1085 4166 1152 4247 per
1179 4143 1227 4222 lei
1256 4143 1325 4221 ohe
1355 4143 1454 4221 olinn
1484 4167 1555 4221 non
1585 4167 1673 4223 ouro
1701 4149 1776 4248 pin.

1763 4237 1780 4368 S

926 4547 942 4582 *
967 4548 1084 4608 Potius:
1108 4548 1235 4620 quondo.
