4880 6314
1336 553 1399 621 itu

638 783 676 850 et
703 769 810 850 dictio
839 775 1039 850 certissimo
1067 777 1205 852 tremite
1233 775 1276 853 nd
1305 775 1491 852 soeculum
1518 777 1660 853 tertium
1678 786 1715 852 et
1733 773 1911 852 deoimrun
1937 773 2097 878 releget,

640 953 792 1028 earmina
820 953 895 1052 ipso
924 962 961 1028 et
989 949 1153 1066 historico
1183 964 1220 1029 et
1247 955 1410 1030 amatorio
1439 953 1483 1028 ito
1509 949 1635 1028 Musae
1656 949 1898 1028 Petrereirene
1927 963 2098 1030 resonent

639 1130 811 1230 spiritum,
840 1138 878 1204 ut
905 1126 952 1204 de
979 1151 1051 1206 nno
1071 1129 1276 1233 eodemque
1294 1141 1441 1207 auctore
1461 1151 1508 1205 ne
1530 1141 1602 1206 turn
1622 1127 1766 1231 quidem
1785 1125 1946 1205 dubitare
1963 1131 2097 1230 possis,

639 1307 775 1382 etiamsi
801 1305 844 1382 nd
863 1302 956 1380 hone
984 1307 1086 1382 animi
1107 1318 1145 1385 et
1163 1307 1299 1410 ingenii
1327 1309 1621 1409 propinquitatem
1650 1316 1709 1383 out
1736 1307 1853 1406 potius
1880 1327 2098 1406 congruen-

638 1485 718 1558 tiem
752 1503 823 1558 non
861 1480 1059 1558 accederet
1094 1486 1287 1559 carminum
1316 1482 1582 1561 evidentissimo
1611 1447 1816 1560 similitudo:
1849 1471 1941 1585 quoe
1970 1482 2098 1560 simiti-

638 1659 724 1738 tndo
743 1681 814 1736 non
834 1669 892 1736 est
910 1670 969 1736 ant
989 1658 1127 1736 fortuito
1143 1670 1202 1736 out
1219 1681 1266 1736 ex
1286 1661 1475 1738 imitatione
1496 1658 1660 1759 oriundo,
1681 1660 1754 1774 sen
1768 1659 1932 1737 eiusdem
1949 1657 2098 1736 hominis

639 1859 764 1912 monus
780 1837 887 1937 primo
905 1835 1132 1934 et‘seeundn7
1144 1833 1309 1913 eiusdem
1326 1839 1480 1913 etunius
1498 1848 1627 1938 poetae
1644 1840 1835 1939 conceptio
1853 1860 1895 1914 no
1912 1838 2095 1916 recensio.

731 2011 791 2091 Ex
828 2010 1042 2090 carminibus
1079 2015 1254 2090 amatoriis
1294 2017 1442 2115 primum
1485 2015 1645 2094 dabimus
1682 2025 1918 2116 conspectum
1956 2036 2096 2113 eorum,

560 2197 565 2208 '
641 2213 735 2294 queo
763 2212 911 2291 prorsus
937 2187 1003 2266 sibi
1023 2200 1246 2290 congruunt3
1275 2190 1372 2268 unde
1391 2192 1579 2270 muniiesto
1604 2189 1903 2292 comprobabitur,
1933 2191 2028 2294 quod
2050 2190 2097 2268 de

639 2365 810 2445 Petroron
839 2370 1031 2444 carminum
1060 2390 1205 2445 suornm
1229 2366 1429 2447 itniioorum
1456 2391 1591 2447 severo
1619 2379 1830 2446 correctore
1849 2365 2010 2446 traditum
2028 2381 2098 2470 est,

639 2542 817 2646 simulque
845 2546 955 2621 sotios
991 2542 1232 2646 intelligetur,
1262 2516 1357 2648 quod
1392 2547 1470 2648 ipse
1499 2549 1689 2624 maturiore
1717 2551 1786 2622 vitu
1819 2543 2008 2647 professus
2043 2555 2100 2624 est

636 2711 838 2797 (ἯΟΝΕΤΤΙ
861 2711 893 2776 in
915 2716 1018 2776 morto
1042 2711 1073 2776 di
1097 2711 1208 2775 Lourn’
1231 2711 1347 2794 XXV):

903 2854 942 2927 S’
971 2859 1003 2930 io
1031 2859 1144 2929 nuesei
1163 2865 1309 2948 pensato
1337 2860 1396 2931 cito
1421 2861 1454 2932 ei
1482 2881 1562 2931 core

905 3018 1029 3090 Fosst'n
1057 3017 1088 3088 le
1115 3019 1188 3089 νοοῖ
1214 3013 1268 3089 de'
1296 3018 1410 3107 sospir
1435 3018 1515 3089 miei
1541 3018 1577 3088 in
1605 3018 1705 3102 rimo,

905 3177 1005 3248 Fato
1031 3172 1154 3248 l’uorer'
1181 3177 1242 3249 dol
1268 3179 1424 3270 suspirat·
1449 3180 1516 3250 mio
1536 3177 1656 3268 primu

905 3335 952 3406 In
979 3359 1118 3408 nunwro
1140 3339 1205 3428 piri
1232 3360 1363 3429 sponoe,
1391 3339 1428 3411 in
1455 3338 1513 3410 stit
1532 3338 1598 3428 piri
1625 3359 1715 3408 rore.

908 3548 1029 3622 Morio
1057 3551 1141 3622 colei
1167 3551 1226 3622 ulte
1251 3551 1300 3620 mi
1325 3553 1425 3638 socon
1445 3553 1592 3644 puriore

908 3708 948 3778 E
975 3707 1033 3782 eino
1059 3710 1092 3781 si
1117 3716 1217 3782 otono
1243 3706 1297 3783 de'
1320 3712 1462 3802 poneier
1487 3711 1567 3783 miei
1593 3711 1629 3783 r'n
1656 3711 1755 3795 einen,

908 3869 992 3942 Non
1012 3893 1128 3962 poseo,
1158 3893 1176 3942 e
1202 3895 1270 3942 non
1296 3871 1337 3942 ito
1357 3872 1425 3962 piri
1451 3873 1483 3942 oi
1511 3871 1605 3944 dolo-e
1630 3872 1730 3958 timo,

908 4029 1010 4102 Binte
1037 4053 1140 4122 oopre
1167 4053 1185 4102 e
1211 4029 1325 4117 souche
1349 4028 1411 4118 for·
1436 4034 1534 4105 oouot'
1559 4056 1577 4105 e
1604 4033 1728 4105 oiriore.

738 4218 809 4296 inm
828 4215 996 4295 eonieros
1024 4214 1201 4293 editorum
1228 4227 1266 4293 et
1293 4219 1506 4320 striptorum
1534 4215 1625 4294 hoec
1649 4202 1896 4316 παραλλήλοις
1924 4209 2105 4313 ponenda:

1232 4384 1418 4451 SONE'ITO
1440 4385 1524 4451 XXI.

914 4525 1050 4619 Apollo,
1078 4529 1106 4599 ε’
1135 4551 1242 4600 onoor
1266 4530 1341 4602 vioe
1366 4531 1394 4602 u
1419 4531 1471 4603 net
1496 4531 1601 4618 doeio,

917 4686 986 4760 Oine
1012 4690 1037 4759 t'
1064 4687 1287 4776 infiornmuuu
1313 4690 1381 4762 alle
1408 4689 1598 4764 Teeoolieire
1625 4689 1711 4763 oudo
