4880 6314
1301 448 1467 515 xxxvm

658 695 746 771 sua,
770 669 924 774 plenum
951 668 1232 750 abominatione
1260 681 1297 746 at
1316 669 1560 748 immunditia
1580 668 1855 772 fornicationis
1874 673 1968 746 sius.
2014 665 2125 743 Nos·

659 853 765 924 'aisne
781 837 830 924 ¹te
857 851 983 950 ipsam
1002 845 1203 949 Babylon?
1230 853 1307 924 nisi
1335 845 1431 924 iliad
1453 845 1593 950 forsan
1620 868 1789 922 errarem
1813 844 1927 948 sarit,
1956 843 2124 948 quadiu

658 1022 763 1100 illius
796 1024 926 1127 srouto
963 1029 1150 1126 seriptum
1185 1034 1271 1101 erat
1313 1019 1497 1122 ‘Babylon
1532 1023 1698 1121 maouu’7
1741 1029 1784 1097 tu
1826 1044 1916 1098 uero
1951 1018 2123 1122 Babylon

652 1223 783 1301 porra
819 1223 870 1277 es.
931 1223 1061 1303 parua
1094 1205 1225 1302 utiquo
1252 1223 1448 1276 murorum
1485 1195 1648 1297 ambitum
1683 1195 1753 1274 sed
1779 1202 1887 1275 vitiis
1914 1207 1952 1274 at
1979 1197 2122 1275 orubitu

657 1380 872 1452 auiororum
900 1384 939 1453 et
965 1375 1119 1476 infinito
1157 1375 1337 1478 cupidine
1373 1373 1595 1476 aumrdoque
1629 1373 1815 1451 molormn
1851 1379 2018 1452 munium
2045 1399 2120 1452 non

656 1577 799 1653 uroquo
826 1551 936 1628 modo
964 1551 1034 1629 sed
1060 1556 1242 1652 munima,
1273 1551 1344 1630 sed
1369 1549 1555 1630 immensu
1582 1574 1636 1628 es.
1667 1560 1705 1627 ot
1732 1561 1835 1629 certo
1863 1551 1965 1654 quod
1985 1557 2121 1654 sequi-

657 1739 734 1828 tur,
763 1727 833 1806 tibi
860 1733 929 1805 uui
956 1732 1143 1827 convenit,
1172 1752 1248 1804 non
1275 1728 1345 1805 olii
1373 1725 1569 1828 ‘babylon⁷
1607 1737 1731 1805 muter
1754 1729 2056 1830 fornicationum
2083 1737 2120 1806 et

659 1904 984 1983 abominationum
1012 1901 1153 1983 terroo'
1182 1963 1252 1986 ...

761 2178 883 2256 Taceo
920 2177 1198 2256 haereditatem
1225 2175 1394 2256 Simonis
1428 2185 1466 2254 et
1497 2177 1601 2254 illam
1634 2177 1809 2256 boeresis
1846 2185 2010 2280 speciem
2046 2207 2122 2262 nou

657 2357 842 2457 ultimam,
872 2361 1035 2458 spiritus
1059 2361 1186 2432 saneti
1205 2355 1307 2432 dona
1334 2359 1593 2432 mercantium.
1633 2363 1741 2432 tooeo
1771 2354 1863 2432 ntuli
1887 2356 1991 2433 illius
2018 2382 2123 2435 ooa-

656 2539 789 2612 ritiam
825 2541 1007 2630 matrem,
1049 2556 1149 2635 quoe
1182 2530 1372 2609 idolorum
1409 2535 1577 2608 seruitus
1611 2529 1660 2604 ob
1687 2529 1871 2633 Apostolo
1906 2533 2012 2611 dioto
2049 2546 2116 2614 est.

657 2722 766 2788 taceo
794 2714 997 2810 utriusque
1018 2715 1146 2812 pestis
1173 2709 1347 2807 artifices
1374 2716 1411 2788 et
1439 2717 1715 2784 concursantes
1733 2708 1961 2810 Pontificum
1987 2710 2120 2789 tlala-

656 2892 730 2963 mis
751 2895 991 2989 proxenetas
1019 2945 1057 2962 ..
1082 2945 1117 2960 ..

754 3136 868 3235 Quis,
898 3159 987 3235 oro,
1016 3140 1116 3213 enim
1143 3159 1218 3211 nou
1245 3140 1444 3212 irascatur
1471 3131 1683 3232 strideat,
1713 3133 1797 3210 illos
1825 3158 2117 3238 samositanus,

655 3337 763 3390 aomo
795 3311 987 3412 candida,
1024 3318 1128 3412 toqis
1163 3311 1412 3413 amplissimis
1439 3311 1609 3413 adeoque
1642 3311 1931 3389 tosototeutttus
1966 3319 2117 3413 animis,

655 3499 698 3566 ut
726 3489 821 3566 nibil
844 3489 935 3567 illua
958 3488 1103 3592 salsius
1131 3489 1322 3589 videatur,
1351 3514 1466 3591 quom
1491 3487 1594 3592 quod
1620 3493 1677 3565 ait
1705 3488 1844 3566 Maro:

1032 3666 1207 3768 sriqidus
1234 3671 1275 3744 iu
1309 3666 1487 3744 Venerem
1515 3672 1644 3744 senior
1671 3713 1733 3723 -

656 3853 737 3920 tom
764 3842 882 3920 calidi
909 3852 1061 3946 tamque
1083 3850 1321 3948 praecipites
1348 3850 1390 3921 iu
1423 3845 1601 3922 Venerem
1628 3867 1740 3922 sanes
1768 3855 1877 3944 sunt,
1914 3855 2025 3922 tauto
2053 3871 2119 3924 aas

655 4026 800 4098 aetatis
834 4028 871 4098 et
906 4030 1036 4097 status
1070 4031 1107 4098 et
1140 4027 1281 4099 uirium
1314 4029 1415 4127 cepit
1442 4022 1598 4122 obliuia,
1636 4029 1695 4101 sio
1731 4030 1772 4100 iu
1799 4021 1975 4102 libidines
2003 4030 2120 4102 inor-

657 4199 836 4298 desount,
876 4204 932 4275 sio
967 4205 1008 4276 in
1035 4224 1142 4277 omno
1178 4211 1297 4279 ruunt
1325 4202 1509 4301 dedecus,
1545 4207 1660 4303 quasi
1686 4206 1810 4277 omnis
1837 4225 1969 4278 eorum
1994 4201 2121 4301 ylario

656 4400 731 4454 non
758 4382 799 4452 in
826 4399 940 4454 aruao
968 4375 1114 4454 Cbm'sti
1142 4383 1205 4477 sit,
1244 4378 1314 4456 sed
1348 4384 1390 4457 iu
1428 4377 1768 4457 comessationibus
1806 4386 1844 4454 et
1871 4375 2119 4458 ebrietatibus

653 4563 691 4632 et
728 4576 826 4656 quoae
853 4553 925 4636 bas
953 4563 1183 4656 sequuntur,
1218 4562 1260 4632 iu
1287 4555 1470 4634 mobilibus
1504 4557 1780 4661 inmaduitioe.
1825 4562 1883 4635 sio
1906 4557 2119 4660 suqientem
