4938 6322
868 1109 977 1216 Slato
1007 1134 1118 1214 sossio
1146 1135 1232 1240 quel
1260 1135 1295 1216 di
1322 1160 1395 1216 non
1422 1150 1504 1216 nato
1532 1162 1555 1217 ο
1585 1141 1714 1218 ciecco

930 1310 1020 1418 Chio
1048 1311 1119 1390 uidi
1148 1315 1206 1390 cui
1234 1313 1352 1392 ueder
1379 1324 1474 1392 tanto
1502 1319 1547 1392 mi
1576 1315 1657 1394 calo

929 1489 962 1572 Ο
989 1490 1098 1596 polue
1126 1515 1146 1568 a
1175 1489 1270 1567 laura
1298 1513 1321 1568 o
1349 1490 1510 1593 simplice
1539 1489 1689 1569 animale

929 1668 1005 1749 Per
1030 1672 1091 1772 piu
1118 1692 1191 1746 non
1218 1666 1386 1746 lasooltar
1412 1693 1460 1748 no
1486 1669 1604 1771 parler
1630 1691 1721 1748 seco

867 2033 911 2155 0Ι
932 2078 1057 2156 chiusa
1086 2074 1186 2154 fusse
1215 2087 1303 2154 stata
1331 2079 1367 2153 in
1386 2075 1492 2164 ‚buxo
1521 2101 1635 2180 speco

865 2337 868 2344 ,
931 2254 1068 2349 Ωιιθεια
1095 2255 1227 2332 estorsi
1253 2257 1333 2332 isuo
1361 2253 1396 2331 di
1425 2277 1536 2332 carne
1564 2255 1712 2334 mortale

928 2429 1072 2512 Veduta
1099 2453 1172 2510 non
1199 2430 1326 2508 lhauer
1353 2429 1427 2510 fora
1455 2455 1540 2510 men
1567 2431 1660 2510 male

930 2609 977 2688 Al
1005 2612 1074 2688 mio
1103 2630 1194 2686 cuor
1220 2632 1288 2712 per
1315 2606 1384 2683 che
1413 2608 1460 2685 lei
1487 2631 1560 2686 non
1588 2631 1610 2692 e
1637 2611 1698 2712 piu
1725 2627 1837 2687 meno*

869 3017 927 3100 Ma
956 3023 1015 3098 uoi
1041 3019 1138 3098 lasso
1166 3016 1272 3096 occhi
1301 3019 1371 3093 mei
1399 3016 1503 3117 colpa
1531 3015 1686 3095 nhauete

931 3195 1009 3276 Che
1037 3220 1105 3299 per
1131 3207 1204 3274 star
1230 3206 1357 3297 troppo
1385 3193 1507 3298 inque!
1535 3192 1596 3270 bel
1624 3197 1703 3274 uiso
1731 3198 1854 3274 attenti

930 3373 1069 3454 Larcho
1097 3398 1117 3450 a
1144 3371 1192 3450 lei
1220 3396 1292 3450 non
1321 3372 1464 3449 uedesti
1491 3393 1514 3448 ο
1542 3370 1574 3448 la
1601 3369 1767 3473 pharetra

871 3779 922 3860 Or
949 3806 1015 3884 per
1041 3793 1166 3862 uostro
1195 3779 1285 3858 fallir
1312 3781 1422 3857 siamo
1450 3777 1548 3855 vnde
1576 3788 1656 3855 sete

932 3958 1000 4039 Voi
1028 3960 1073 4037 da
1101 3959 1214 4065 longo
1243 3958 1345 4036 dolor
1372 3953 1531 4058 languidi
1560 3955 1702 4056 espenti

931 4135 970 4214 lo
998 4161 1109 4216 senza
1138 4162 1228 4216 cuor
1256 4133 1337 4242 qual
1365 4130 1551 4211 insensibil
1580 4143 1697 4234 petra.

1678 4221 1702 4355 Β
