4880 6314
1316 567 1420 636 XXVI

1284 781 1373 848 PAG.
1400 779 1452 848 to.

852 932 926 1004 nat
952 931 1120 1004 occidente
1147 953 1169 1002 n
1196 926 1218 1001 t’
1242 929 1385 1001 orientni
1410 927 1571 1021 Hidospc

858 1251 997 1324 Garcato
1024 1251 1065 1323 ho
1093 1271 1186 1322 esser
1206 1251 1277 1339 paco
1305 1271 1394 1321 neco
1422 1250 1472 1321 ch'
1500 1249 1620 1340 inoapc

856 1568 1039 1642 Mostroani
1065 1595 1088 1642 o
1108 1569 1233 1662 preytae?
1259 1571 1325 1640 mei
1350 1569 1452 1641 sorde
1472 1569 1539 1659 pin
1567 1568 1625 1640 cite
1649 1589 1731 1658 nepe

1201 1785 1388 1852 SONETFO
1411 1784 1548 1851 CLVIH.

856 1932 1085 2007 D'obbrnct'nr
1111 1931 1247 2004 i'ombrc
1274 1953 1291 2002 c
1316 1931 1432 2022 acquir
1457 1931 1595 2002 l'onro
1623 1932 1739 2018 estivo,

855 2095 968 2166 Nnoto
989 2116 1057 2184 per
1082 2115 1160 2164 naor
1187 2091 1245 2162 ene
1271 2111 1338 2160 nnn
1366 2089 1410 2160 nn
1437 2088 1542 2176 fondo
1570 2113 1588 2162 o
1615 2091 1703 2177 nino,

855 2253 951 2326 Soleo
979 2254 1065 2326 ande
1092 2275 1110 2325 e
1138 2255 1172 2323 'n
1198 2273 1283 2324 reno
1310 2249 1415 2338 fondo
1442 2273 1460 2321 e
1486 2251 1596 2322 scrico
1624 2252 1661 2320 in
1688 2253 1783 2320 nanto

855 2571 920 2642 Et
946 2595 1017 2642 nato
1044 2593 1143 2642 ceron
1171 2576 1306 2642 errante
1333 2591 1351 2640 e
1376 2569 1442 2660 sno
1470 2569 1547 2640 'ino

859 2730 980 2804 Coeno
1008 2753 1068 2802 con
1096 2754 1144 2803 nn
1170 2730 1231 2802 Inte
1258 2751 1374 2821 coemo,
1404 2729 1574 2817 c'nfenno
1602 2751 1619 2800 c
1646 2729 1733 2798 lento

1281 2946 1372 3012 PAG.
1400 2943 1472 3012 108.

861 3094 911 3166 Or
935 3095 984 3166 mi
1010 3095 1151 3166 connnn
1178 3113 1301 3182 sperae
1326 3093 1455 3180 nebo-io,
1484 3092 1600 3162 otnero
1628 3113 1645 3163 c
1672 3095 1782 3177 nento,

859 3250 1036 3343 Poqinnnn'
1062 3275 1084 3322 o
1112 3253 1273 3338 t’anra,
1302 3250 1470 3322 obbrnnor
1496 3251 1582 3322 t'ner
1609 3273 1627 3322 e
1655 3250 1678 3319 't
1704 3249 1811 3336 sonno,

729 3435 731 3441 ⁴
858 3409 894 3480 A
921 3417 1020 3484 nnoto
1047 3410 1256 3500 lachrymae,
1282 3408 1413 3515 fannion
1439 3411 1476 3480 in
1504 3431 1588 3480 reno

1263 3633 1295 3692 et
1317 3627 1408 3694 PAG·
1434 3625 1486 3694 30.

860 3771 966 3841 Fonte
992 3793 1037 3842 nn
1063 3773 1168 3844 neltre
1193 3773 1310 3864 sennia
1336 3795 1396 3844 con
1425 3796 1470 3843 nn
1497 3771 1559 3843 bno
1586 3777 1702 3842 stonco

865 3929 934 4001 One
960 3931 1063 4002 nonai
1089 3954 1112 4002 o
1138 3931 1230 4002 nnn
1255 3932 1373 4022 cointio
1400 3955 1418 4004 e
1442 3931 1560 4021 fnyyc'c
1587 3931 1654 4001 oio.

745 4166 819 4248 Sed
848 4163 1012 4267 proiecto
1047 4166 1194 4268 longum
1224 4179 1280 4244 est
1307 4178 1344 4244 et
1376 4171 1503 4245 nescio
1531 4191 1574 4244 an
1612 4189 1733 4268 parum
1767 4165 1949 4262 idoneum,
1978 4184 2104 4240 omnes

653 4367 867 4425 enumerare
894 4344 928 4417 in
957 4352 1109 4446 utroque
1137 4355 1241 4446 poeta
1262 4343 1519 4441 similitudines,
1548 4345 1700 4419 maxime
1728 4364 1805 4441 eas,
1835 4363 1927 4442 quae
1947 4363 2017 4417 non
2037 4349 2104 4415 tam

653 4523 868 4600 inventionis
897 4542 984 4594 esse
1002 4517 1203 4620 videantur,
1232 4543 1336 4621 qoam
1364 4521 1574 4618 imitationis,
1605 4539 1651 4595 eo
1670 4517 1817 4594 saeculo
1845 4519 1966 4593 mirum
1988 4538 2107 4618 quan-

652 4710 727 4777 tum
744 4701 903 4801 vigentis
932 4706 968 4773 et
996 4700 1074 4774 sine
1102 4693 1360 4772 obtrectatione
1389 4705 1575 4796 acceptae.
1638 4693 1766 4798 Neque
1791 4695 1906 4795 magis
1925 4716 2107 4774 necessa·
