4880 6314
963 523 1111 592 xxxta

788 737 851 800 ΕΡ.
876 737 912 802 v.
936 756 967 818 p.
992 737 1057 803 ros
1081 736 1130 803 eo.
1154 735 1285 802 aisn.

397 881 563 960 Cernere
585 908 660 986 pro
689 895 826 962 sancta
845 887 1052 966 solitudine
1075 887 1334 990 frequentiam
1360 881 1588 960 sceleratam
1615 887 1653 957 et
1680 884 1768 958 cir·-

301 1060 499 1163 oumfiasas
519 1065 626 1138 acics
645 1061 851 1140 satellitem
864 1069 1132 1167 pessimorum,
1155 1087 1231 1167 pro
1255 1059 1396 1140 sobriis
1420 1058 1649 1162 voluptuosa
1667 1080 1767 1133 con-

300 1239 417 1335 uiuia,
440 1261 515 1339 pro
537 1237 918 1340 percprinationilms
939 1247 1022 1343 piis
1049 1246 1168 1318 otium
1194 1238 1442 1316 inhnmanum
1469 1242 1507 1314 et
1528 1232 1763 1334 obscoenum,

291 1436 368 1514 pro
395 1412 511 1490 nudis
532 1413 696 1516 pedibus
723 1412 995 1518 Apostolorum
1021 1421 1152 1494 niceas
1176 1416 1309 1519 surum
1332 1413 1495 1492 uolitare
1522 1408 1761 1514 cornipedes,

299 1611 398 1665 auro
437 1593 645 1690 instratos,
689 1616 787 1669 auro
823 1601 962 1690 tectos,
1004 1619 1144 1671 aurum
1184 1593 1425 1690 mandentes,
1464 1612 1562 1666 auro
1599 1586 1764 1689 denique

293 1767 530 1868 propediem,
560 1773 638 1846 nisi
666 1767 856 1847 Dominus
884 1769 1059 1848 seruilem
1087 1769 1219 1847 lucum
1246 1775 1433 1865 coerceat,
1462 1761 1691 1844 calceandos
1702 1763 1717 1836 !

869 1999 931 2064 ΕΡ.
956 2000 1037 2064 xm.
1062 2020 1092 2081 p.
1117 1997 1193 2066 son

399 2147 509 2248 Quis,
539 2171 621 2249 oro,
650 2171 725 2224 non
748 2148 880 2251 sapiat
898 2147 1154 2250 Babylonem?
1182 2159 1218 2227 et
1246 2152 1429 2226 altiormn
1457 2143 1573 2221 simul
1597 2146 1763 2221 omroium

296 2329 334 2400 et
370 2321 512 2400 laboris
545 2349 593 2402 ao
627 2330 747 2401 totius
781 2331 961 2404 miseriae
999 2335 1183 2405 moestam
1219 2325 1398 2403 domum?
1426 2381 1461 2398 ..
1491 2326 1579 2398 olso
1613 2318 1758 2421 loquor,

302 2523 377 2575 non
404 2499 542 2576 audita
559 2561 566 2575 .
586 2559 619 2576 ..
650 2507 739 2578 nooi
766 2511 963 2605 copertus,
992 2513 1036 2581 ul
1063 2501 1247 2594 nullaili
1268 2508 1414 2604 pietas,
1444 2497 1547 2576 nullo
1574 2495 1762 2594 claritas,

302 2675 407 2752 nulla
429 2675 548 2775 fides,
576 2675 681 2753 nulla
708 2677 771 2756 dei
798 2685 1035 2779 reverentia,
1066 2679 1190 2758 nnllns
1218 2685 1351 2778 tinsor,
1380 2675 1476 2755 nillil
1501 2677 1639 2772 sancti,
1668 2669 1766 2749 nillil

302 2857 416 2951 iusti,
445 2851 540 2930 nillil
565 2858 697 2955 aequi,
732 2854 828 2932 nillil
847 2861 979 2957 pensi,
1014 2857 1109 2935 olto
1141 2857 1303 2960 deniqne
1339 2853 1400 2933 ael
1425 2851 1589 2930 lunoni.
1655 2871 1764 2924 antor

298 3029 440 3132 pudor,
469 3028 595 3130 decor,
623 3030 770 3108 candor
797 3030 886 3108 inde
912 3033 1079 3110 cautant
1110 3034 1159 3113 de
1186 3039 1350 3110 acritate
1369 3029 1521 3136 quidem
1540 3027 1646 3125 sileo,
1675 3049 1764 3101 narn

302 3211 390 3308 quis
416 3231 581 3308 nosquam
607 3231 698 3285 oero
725 3206 841 3308 locus,
871 3207 935 3286 ubi
962 3217 1090 3288 arnoia
1117 3209 1329 3289 mendaciis
1351 3207 1467 3310 plena
1496 3211 1595 3280 sunt.

858 3431 920 3495 ΕΡ.
945 3431 1058 3497 xvm.
1083 3453 1113 3514 p.
1137 3431 1212 3498 sos.

403 3575 554 3654 Veritas
573 3575 625 3655 ibi
643 3577 834 3658 densema
862 3590 933 3683 est,
962 3579 1194 3661 abstinentia
1213 3608 1303 3660 aero
1328 3582 1543 3675 rusticitas,
1567 3572 1763 3678 pudicitia

297 3750 480 3857 probrum
508 3759 655 3854 inpone,
687 3755 849 3858 doniam
870 3761 1061 3860 peccandi
1085 3761 1240 3840 licentio
1259 3761 1560 3860 mapnanimitas
1578 3762 1616 3830 ct
1643 3748 1764 3828 liber·

303 3939 367 4008 tas
394 3935 550 4030 calonia,
579 3941 617 4008 et
643 3957 717 4033 quo
739 3934 924 4036 pollutior
958 3961 1002 4013 co
1038 3935 1182 4014 olarlor
1214 3943 1309 4038 olla,
1347 3961 1420 4040 quo
1451 3933 1542 4037 plus
1579 3926 1763 4006 scelerum

304 4133 348 4186 6⁰
370 4108 462 4211 plut
488 4106 648 4210 qlmlae,
675 4108 810 4188 bonnm
838 4137 971 4191 omnen
998 4137 1113 4192 coeno
1141 4115 1258 4192 uilius
1285 4121 1399 4216 atquc
1418 4111 1553 4190 ultimo
1580 4109 1762 4184 nmrclum

298 4285 408 4388 sonsa
435 4296 494 4362 est

398 4461 539 4540 Mulier
574 4467 815 4544 circumdata
848 4494 1026 4571 purpura
1061 4479 1098 4546 et
1134 4475 1287 4546 coceino
1322 4479 1359 4546 et
1386 4472 1573 4546 irmurato
1600 4482 1698 4536 auro
1725 4462 1763 4533 et

303 4639 432 4742 lapide
452 4647 628 4745 pretioso
664 4652 702 4720 et
738 4650 984 4746 marparltis,
1020 4644 1161 4724 labens
1183 4647 1364 4751 poculum
1390 4665 1552 4722 aureum
1578 4646 1621 4717 in
1646 4657 1763 4712 manu
