4880 6314
1036 539 1081 606 IX
1184 516 1190 527 .

330 770 473 871 plures,
504 791 606 870 quam
635 788 728 868 quae
757 762 875 840 editae
903 764 991 864 sint,
1021 764 1054 838 in
1084 764 1238 864 scriniis,
1267 765 1418 839 maxime
1447 759 1628 838 l'arisinae
1657 759 1790 838 biblio-

329 943 457 1022 tbecae
495 943 741 1042 delitescere,
779 939 943 1018 bomines
979 937 1100 1015 barum
1138 937 1329 1016 litterarum
1363 899 1547 1016 'studiosos
1584 940 1789 1042 neutiquam

326 1123 520 1224 praeteriit.
648 1209 651 1216 ¹

422 1330 538 1434 blagis
567 1353 660 1434 ergo
689 1332 841 1432 mireris,
870 1331 1077 1407 recentiore
1106 1339 1222 1406 aetate
1250 1327 1371 1408 barum
1400 1353 1520 1407 rerum
1557 1332 1698 1407 minime
1726 1333 1787 1406 in-

326 1514 467 1586 curiosa
504 1506 672 1585 nihildum
709 1517 893 1608 repertum
924 1505 1050 1606 luisse,
1085 1504 1179 1608 quod
1210 1503 1402 1583 Petrarcae
1431 1517 1624 1585 testaretur
1651 1506 1787 1609 loque-

325 1687 406 1784 lam,
436 1687 597 1788 quamsi
627 1685 839 1763 contrarium
868 1685 1095 1784 contigisset.
1150 1682 1223 1761 Sed
1253 1695 1311 1760 est
1338 1683 1453 1782 simul,
1483 1684 1579 1786 quod
1608 1683 1785 1762 conside-

325 1887 399 1964 res,
429 1885 500 1941 non
528 1859 644 1939 ubivis
673 1872 732 1938 aut
760 1863 868 1937 otium
896 1859 1030 1936 adesse
1059 1870 1117 1936 aut
1144 1863 1440 1960 opportunitatem
1459 1885 1529 1937 nec
1550 1885 1666 1963 penes
1687 1884 1784 1938 eun-

323 2040 405 2117 dem
434 2043 558 2142 utique
586 2025 672 2116 esse
701 2035 893 2136 arbitrium,
923 2037 1025 2112 cuius
1055 2046 1137 2112 strnt
1166 2035 1364 2113 facultates.
1431 2036 1576 2140 Regnat
1604 2062 1674 2117 non
1702 2036 1784 2116 nibil

323 2220 427 2294 etiam
457 2215 543 2293 sors.
600 2213 825 2292 Scbmellero
845 2212 989 2317 quidem
1010 2225 1146 2311 nostro,
1174 2216 1208 2288 in
1229 2236 1300 2315 quo
1319 2217 1397 2292 uiro
1418 2218 1544 2292 nescio
1565 2215 1648 2318 quid
1669 2217 1783 2318 magis

322 2397 489 2492 emineat,
511 2393 785 2495 exquisitissima
806 2401 843 2466 et
861 2388 1071 2491 amplissima
1090 2389 1249 2468 doctrina
1272 2414 1315 2467 an
1335 2391 1543 2469 indefessae
1560 2392 1782 2494 diligentiae,

323 2593 415 2673 quae
448 2572 615 2671 epigonis
644 2571 793 2670 ingratis
822 2590 934 2669 saepe
963 2577 1001 2645 et
1027 2591 1091 2669 pro
1121 2566 1290 2670 largitore
1319 2569 1457 2670 pumilis
1495 2567 1683 2648 thesauros
1712 2568 1785 2647 de-

319 2757 472 2850 poneret
500 2744 751 2846 inexbaustoS,
781 2744 932 2848 prodiga
961 2742 1165 2845 liberalitas,
1195 2743 1241 2821 illi
1260 2747 1338 2823 viro
1367 2744 1628 2848 incomparabili
1657 2749 1686 2822 si
1713 2749 1783 2823 vita

319 2923 585 3026 suppeditasset
611 2921 654 3001 ad
687 2920 837 2999 codices
870 2919 1009 2999 italicos
1045 2921 1309 3021 retractandos,
1348 2925 1432 3026 quin
1460 2921 1551 3000 baec
1581 2923 1779 3026 fragmenta

319 3099 513 3179 Petrarcae
542 3101 648 3175 etiam
677 3101 755 3200 ipse
783 3097 1018 3200 dispexisset,
1048 3098 1166 3176 nullus
1193 3098 1328 3178 dubito.
1371 3100 1445 3178 Sed
1475 3123 1573 3200 eum,
1602 3104 1661 3205 qni
1690 3102 1780 3178 banc

317 3276 482 3356 codicrrm
503 3289 638 3378 partem
653 3299 725 3354 non
745 3275 826 3352 dieo
854 3273 970 3353 obiter
996 3278 1126 3378 tetigit,
1157 3276 1222 3353 sed
1244 3277 1358 3354 semel
1387 3288 1519 3355 tantum
1540 3277 1780 3382 perlustravit,

319 3476 389 3531 non
427 3462 465 3530 ut
497 3457 613 3531 omnia
650 3453 694 3531 ad
732 3452 901 3556 liquidum
936 3450 1156 3553 perduceret
1184 3453 1249 3531 sed
1279 3454 1534 3532 determinaret
1561 3457 1715 3557 potiora,
1745 3455 1779 3532 id
1846 3527 1850 3534 .

313 3631 408 3734 quod
438 3633 518 3732 ipse
546 3654 651 3707 manu
680 3654 744 3707 sua
779 3629 971 3730 adnotavit,
1001 3653 1083 3706 eum
1105 3634 1270 3708 carminis
1294 3635 1377 3710 noni
1405 3633 1439 3708 in
1468 3630 1528 3708 iol.
1556 3635 1598 3712 ἵν’*
1626 3635 1777 3710 initium:

638 3801 667 3870 0
695 3803 909 3893 cinpnecenlo
937 3822 955 3872 e
982 3801 1103 3892 edatque
1131 3823 1148 3871 e
1175 3801 1268 3874 diecc
1290 3804 1430 3894 pirardo

640 3959 694 4031 Un
722 3959 767 4031 R.
793 3985 841 4032 on
868 3958 914 4030 A.
946 3983 993 4032 nra
1019 3962 1108 4032 dccc.
1141 3985 1186 4033 nra
1213 3963 1320 4034 rotello.
1350 3986 1398 4034 art
1424 3963 1474 4034 N.

313 4151 331 4209 o
361 4150 450 4205 vero
478 4129 614 4204 tramite
643 4125 810 4224 deduxit,
847 4130 979 4229 quippe
1019 4128 1053 4202 in
1083 4125 1135 4203 bis
1164 4131 1321 4205 numeris
1357 4126 1417 4206 ille
1454 4132 1624 4231 temporis
1652 4130 1780 4206 termi-

314 4326 409 4400 num,
439 4325 567 4379 annum
596 4325 704 4379 aerae
733 4314 879 4380 nostrae
909 4306 1036 4404 tote,
1065 4301 1172 4381 brom
1202 4329 1289 4382 esse
1317 4304 1506 4406 statuebat,
1536 4329 1643 4409 quum
1668 4317 1778 4383 totum

314 4502 460 4556 carmen
489 4503 555 4581 per
580 4503 812 4557 numerorum
842 4481 1003 4581 speciem
1032 4492 1091 4557 ant
1123 4505 1191 4583 per
1216 4481 1408 4559 litterarum
1439 4485 1650 4585 positionem
1679 4492 1777 4559 certa
1824 4539 1826 4544 -

312 4654 423 4732 verba
452 4667 490 4734 et
506 4667 624 4733 certas
650 4658 817 4736 notiones
847 4660 1034 4759 exprimat,
1063 4659 1107 4734 ita
1134 4669 1172 4734 ot
1199 4657 1271 4737 duo
1297 4683 1443 4760 versus,
1473 4682 1565 4762 quos
1585 4657 1690 4736 modo
1709 4656 1781 4734 ad-

1549 4810 1567 4864 a
