4880 6314
1406 509 1494 576 XL„

708 733 924 812 condicione
952 729 1143 838 dereliqui.
1208 732 1289 813 Non
1325 731 1419 809 nulla
1457 755 1567 832 vcro,
1607 753 1701 835 quac
1741 731 1895 811 lortasse
1923 731 2023 810 alteri
2036 731 2171 810 ·cor·ri-··

708 909 831 1013 gendo
861 933 949 988 esse
977 908 1180 1012 videantum
1209 911 1320 987 certis
1348 908 1396 987 de
1424 911 1545 986 causis
1573 911 1741 1013 equidem
1769 907 1896 986 illibata
1926 910 2084 988 servavi.

809 1171 857 1254 Ut
883 1198 974 1253 vero
1003 1177 1109 1253 ctiam
1135 1172 1279 1278 publico
1303 1174 1494 1255 commodo
1521 1177 1757 1277 prospiciatur
1783 1185 1890 1277 atquc
1918 1171 1976 1251 lrio
2004 1171 2174 1251 Petrarca

714 1351 904 1430 redivivus
924 1354 958 1428 in
988 1350 1065 1430 loro
1087 1349 1216 1429 habeat
1240 1375 1344 1429 suum
1363 1351 1496 1453 locum,
1531 1349 1639 1428 altera
1659 1350 1768 1430 editio
1788 1350 1978 1454 parabitur,
2004 1350 2102 1429 bene
2121 1348 2176 1426 illa

716 1529 880 1608 distincta
909 1541 947 1607 et
973 1528 1095 1607 lucide
1122 1528 1292 1631 disposita
1320 1540 1426 1632 atque
1455 1528 1557 1606 simul
1586 1527 1645 1605 vili
1674 1531 1788 1630 pretio
1816 1529 2046 1631 acquirenda.
2094 1525 2175 1619 Quo

713 1719 819 1810 pacto
856 1706 931 1807 tter,
970 1717 1009 1785 ut
1043 1704 1135 1783 haec
1172 1730 1266 1785 nova
1304 1707 1634 1806 carminationes,
1669 1707 1729 1808 qui
1765 1705 1890 1806 velint,
1928 1727 2000 1782 non
2035 1703 2178 1808 paulum
2289 1757 2292 1768 ·

712 1881 818 1961 modo
838 1893 1003 1985 gustare,
1033 1882 1100 1961 sed
1121 1881 1339 1960 obscuritate
1368 1884 1545 1960 sermonis
1573 1892 1611 1958 et
1629 1885 1827 1984 scripturae
1853 1881 2028 1975 discusso,
2057 1905 2179 1985 quan-

713 2071 786 2137 tum
815 2058 959 2163 quidem
987 2059 1053 2137 lrac
1082 2063 1219 2138 ratione
1248 2058 1324 2138 lieri
1352 2071 1492 2161 potest,
1528 2061 1668 2161 integra
1706 2058 1847 2136 lraurire
1882 2059 2036 2136 valeant.
2103 2055 2179 2138 tu-

713 2238 809 2314 nime
847 2238 942 2312 enim
973 2234 1107 2337 probo,
1143 2234 1239 2339 quod
1274 2234 1370 2314 multi
1406 2234 1512 2314 hodie
1549 2246 1732 2312 sectantur
1768 2247 1823 2334 ut,
1859 2259 1952 2339 quae
1980 2235 2182 2337 prudenter

712 2415 858 2488 inventa
890 2423 972 2489 sunt
1008 2410 1197 2489 luminibus
1232 2414 1267 2488 in
1301 2412 1457 2489 lectione
1486 2409 1654 2490 librorum
1682 2409 1905 2512 adhibendiS,
1935 2435 1978 2488 ea
2007 2415 2181 2515 superci-

700 2588 804 2700 liose
837 2587 884 2665 de
913 2586 1031 2665 medio
1059 2586 1193 2690 tottam,
1223 2611 1305 2665 cum
1338 2588 1465 2666 damno
1494 2599 1530 2666 et
1557 2591 1728 2690 temporis
1756 2599 1793 2665 et
1820 2587 2028 2666 studiorum.

809 2850 955 2930 Codicis
983 2854 1093 2928 nostri
1122 2853 1331 2954 scripturam
1350 2851 1466 2930 tabula
1495 2849 1656 2931 imitatrix
1678 2854 1869 2930 verissima
1887 2852 2066 2953 exprimit3
2095 2851 2180 2930 nihil

715 3029 794 3106 lere
835 3027 890 3105 illa
929 3025 1124 3130 praebebat
1160 3026 1388 3106 difficultatis
1465 3026 1584 3106 Unum
1625 3028 1732 3106 modo
1768 3027 1900 3131 sigium
1938 3052 2035 3105 suam
2073 3027 2182 3107 habet

715 3205 1010 3308 singularitatem,
1040 3201 1136 3306 quod
1165 3203 1244 3282 lere
1273 3208 1397 3282 sexies
1425 3203 1535 3304 redit3
1565 3204 1599 3282 id
1626 3208 1675 3283 nti
1701 3215 1758 3282 cst
1787 3185 1983 3305 lormatum,
2013 3207 2047 3281 in
2076 3215 2179 3283 textu

715 3379 954 3482 eulrihuimus7
983 3401 1020 3496 p,
1051 3378 1134 3459 coll.
1164 3389 1285 3456 PAGG.
1310 3389 1351 3456 16
1382 3380 1546 3495 dolena,
1576 3389 1619 3455 66
1647 3402 1760 3496 mago,
1791 3387 1834 3454 66
1862 3379 1949 3495 lupi⁷
1979 3387 2021 3454 63
2051 3403 2180 3497 sermo,

714 3566 757 3633 66
782 3556 921 3673 aceoli,
951 3565 988 3628 il
1020 3562 1191 3671 iopepno.
1244 3555 1346 3634 Haec
1376 3557 1485 3635 lorma
1504 3558 1643 3636 litterae
1671 3584 1694 3634 a
1723 3556 1801 3635 alibi
1830 3581 1876 3635 eo
1905 3570 2067 3660 tempore
2097 3559 2181 3636 ire-

718 3737 950 3838 quentissima
987 3732 1044 3811 hic
1073 3756 1144 3811 non
1172 3744 1293 3834 potest
1327 3758 1397 3812 non
1432 3734 1650 3836 peculiarem
1685 3732 1859 3837 quandam
1887 3737 2183 3837 pronuntiationis

716 3925 875 3990 naturam
904 3909 1126 4013 significare.
1176 3907 1352 3986 ludicatur
1379 3933 1422 3986 ea
1451 3913 1485 3987 ni
1515 3911 1616 3988 lallor
1643 3910 1780 3988 mollior
1808 3914 1967 4018 spiritus,
1996 3937 2077 3989 cunr
2106 3937 2179 4017 quo

714 4088 806 4166 haec
835 4086 985 4166 litterula
1015 4109 1062 4162 ex
1090 4108 1156 4164 ore
1191 4088 1298 4162 emitti
1327 4084 1482 4189 debeat,
1524 4089 1625 4191 qnasi
1659 4089 1740 4164 insit
1776 4086 1877 4163 simul
1912 4089 2048 4166 vocalis
2076 4093 2112 4190 i,
2142 4099 2181 4168 ut

716 4265 794 4342 lere
823 4262 941 4340 valeat
977 4285 1041 4364 pro
1068 4265 1122 4361 pi.
1190 4261 1251 4340 Sic
1284 4260 1424 4377 napoli,
1454 4266 1477 4341 i.
1508 4287 1543 4340 e.
1575 4263 1738 4364 capiuli,
1768 4263 1986 4365 respondeat
2016 4273 2109 4338 Pto.
2136 4274 2181 4338 74

714 4438 856 4540 tropici,
886 4448 978 4514 Pto.
1003 4445 1046 4512 92
1074 4436 1237 4538 capiuli,
1266 4460 1392 4552 scopo,
1421 4449 1512 4514 Pto.
1537 4449 1576 4514 21
1607 4445 1745 4539 souin,
1773 4445 1945 4555 iapepoo,
1978 4449 2098 4516 PAGG.
2123 4451 2176 4532 66,

714 4625 766 4707 ae,
791 4623 836 4692 90
854 4621 1047 4718 inpieque
1071 4636 1183 4731 mogo,
1203 4626 1323 4691 PAGG.
1339 4623 1389 4705 te,
1404 4625 1465 4692 103
1484 4622 1621 4718 mepio.
1657 4616 1809 4696 Omnino
1829 4621 1862 4694 in
1883 4619 2047 4695 idiomate
2067 4623 2179 4698 nostri
