4880 6314
1370 469 1456 534 XLII

684 691 816 792 quippe
845 691 905 792 qui
932 711 996 790 pro
1024 713 1091 767 suo
1120 692 1236 792 tnagis
1265 701 1375 792 gustu
1404 711 1509 793 quarn
1537 714 1601 792 pro
1629 690 1839 768 verecundo
1866 693 1975 792 prisci
2002 712 2148 767 sermo-

685 868 740 942 nis
777 865 896 942 indoie
934 865 1037 942 buius
1075 868 1154 942 aevi
1191 889 1301 966 opera
1341 864 1589 942 reformarent.
1656 865 1821 969 Egregia
1860 865 1902 943 ad
1941 863 2146 944 Petraroam

685 1041 825 1118 sibimet
852 1041 1111 1119 restituendum
1132 1039 1288 1119 subsidia
1316 1040 1473 1140 babebit,
1504 1044 1562 1144 qui
1583 1045 1789 1120 excusserit
1817 1042 1908 1120 duos
1931 1043 2019 1120 aiios
2039 1041 2146 1118 codi-

681 1242 747 1294 ces
784 1217 1023 1296 bibliothecae
1059 1215 1312 1317 Monacensis,
1359 1215 1498 1296 italicos
1538 1224 1588 1300 8t
1633 1231 1670 1296 et
1710 1224 1818 1319 tot,
1865 1218 2020 1320 catalogi
2059 1221 2141 1294 novi

685 1399 786 1493 ott,
820 1399 922 1494 oct,
952 1397 1011 1497 qui
1040 1392 1116 1470 libri
1145 1393 1278 1494 adulto,
1307 1405 1345 1471 ut
1372 1399 1416 1472 ito
1436 1396 1565 1494 dicam,
1595 1407 1632 1472 et
1659 1407 1794 1472 maturo
1813 1407 1943 1498 poetae
1972 1418 2043 1474 non
2072 1397 2142 1470 rni-

680 1595 748 1647 nos
778 1569 953 1648 commodi
983 1581 1019 1647 et
1046 1570 1164 1649 idonei
1193 1569 1360 1647 videntur
1388 1595 1490 1672 esse,
1519 1595 1623 1675 quam
1651 1571 1684 1648 bi
1714 1574 1823 1649 nostri
1852 1571 1965 1650 crudo
1994 1569 2140 1648 etado-

676 1746 844 1824 lescenti.

773 1957 843 2036 Pro
872 1963 1071 2062 specimine
1100 1959 1237 2037 codicis
1258 1959 1331 2037 tat.
1357 1965 1408 2041 tr
1442 1964 1486 2037 sit
1515 1963 1678 2037 carminis
1707 1960 1798 2037 iliius
1826 1958 2010 2062 particula,
2035 1981 2138 2061 quam

678 2161 783 2239 supra
821 2146 914 2211 PAG.
940 2145 1043 2209 XVIII
1081 2161 1129 2213 ex
1167 2139 1385 2212 recensione
1421 2142 1628 2214 recentiore
1667 2135 1836 2213 diatribae
1871 2133 1953 2212 huic
1991 2137 2137 2212 inserui.

675 2311 778 2389 Haec
806 2312 853 2390 ibi
882 2316 934 2390 sio
969 2314 1116 2415 iegitur:

939 2518 1064 2592 Erotio
1092 2521 1225 2592 intorno
1253 2519 1334 2591 ollet'
1360 2525 1442 2591 tutte
1469 2520 1500 2592 te
1526 2542 1586 2592 sue

995 2677 1122 2751 Obiere
1148 2680 1281 2750 virtuto.
1342 2679 1545 2770 Oplorr’oao
1573 2681 1715 2752 acbicro.

994 2838 1048 2910 Et
1074 2841 1217 2912 centensi
1236 2862 1430 2930 permane
1458 2863 1481 2912 c
1509 2840 1576 2911 duc
1602 2863 1625 2911 o
1652 2838 1730 2908 doe.

942 3104 1106 3178 Oostc'iote
1133 3112 1164 3178 ct
1190 3128 1360 3197 corpopoo
1388 3105 1459 3176 cllo
1485 3105 1599 3192 fronte
1626 3105 1705 3175 cro!

991 3265 1109 3336 Notttt
1136 3271 1167 3336 et
1186 3287 1260 3355 por
1287 3265 1374 3336 delle
1399 3265 1491 3335 cirta
1518 3264 1646 3350 diuina,

992 3423 1061 3497 Uice
1086 3425 1151 3512 fon
1179 3426 1280 3498 costcr'
1306 3447 1409 3515 sopra
1437 3425 1467 3496 te
1494 3425 1604 3496 donoc
1632 3422 1751 3494 attero.

935 3691 1050 3764 Scorto
1078 3696 1109 3763 et
1135 3691 1299 3762 nwdestio
1328 3687 1465 3761 ciloitrc
1491 3689 1558 3760 doe
1585 3686 1723 3775 confina.

989 3849 1117 3921 Habito
1145 3872 1206 3921 con
1234 3849 1371 3936 dilecto,
1401 3870 1423 3918 o
1450 3847 1574 3919 mcccol
1601 3869 1688 3919 core.

989 4009 1248 4082 Perscueronco
1276 4015 1307 4080 et
1330 4008 1444 4098 clorio
1470 4008 1508 4079 in
1535 4029 1577 4078 au
1604 4007 1640 4078 tc
1663 4006 1741 4095 fine.

936 4274 1145 4367 Eutropelio
1172 4282 1203 4348 et
1229 4277 1472 4367 occorpimcntc
1498 4274 1583 4361 fore.

991 4433 1146 4508 Gorresta
1173 4440 1292 4506 cicccc
1320 4441 1448 4522 moereo,
1477 4434 1692 4525 etpuritote.

991 4595 1110 4668 Temor
1136 4592 1327 4679 dinfcmr'a.
1357 4599 1388 4666 ct
1411 4595 1622 4684 praedocto
1650 4593 1785 4664 dooore.
