4880 6314
1378 513 1466 579 XXX

790 737 869 817 Nec
898 736 1002 815 abest
1027 735 1217 840 utrobique
1245 735 1445 815 infortunati
1473 732 1698 834 exclamatio,
1726 731 1772 810 ibi
1800 733 1835 810 in
1863 743 1984 808 stanza
2011 733 2130 834 quinta

1178 907 1298 978 misero
1325 904 1462 978 meede
1489 904 1570 977 valli
1598 959 1627 976 ..

694 1074 752 1152 hic
779 1073 848 1152 sub
876 1078 1040 1153 carminis
1069 1072 1176 1152 linem

1084 1337 1091 1350 .
1171 1245 1305 1315 tonate
1331 1264 1349 1314 e
1375 1241 1414 1312 dl
1440 1261 1483 1311 oo
1509 1241 1632 1312 misero
1661 1295 1690 1309 ..

697 1407 865 1488 Ultimum
893 1433 983 1488 vero
1010 1415 1102 1483 PAG.
1126 1414 1342 1485 reversum

1012 1576 1052 1647 E
1079 1579 1171 1650 tiema‘
1197 1602 1220 1651 a
1247 1601 1298 1650 me
1325 1579 1363 1649 di
1389 1599 1441 1649 me
1466 1577 1632 1649 medesmo
1660 1578 1697 1648 io
1723 1575 1833 1648 bondo

627 1749 630 1756 ’
694 1746 825 1846 repetit
851 1750 1037 1818 sonnino
1060 1750 1116 1836 (an
1139 1752 1204 1816 uu
1227 1715 1258 1816 ur
1281 1751 1324 1816 n.
1348 1750 1476 1834 neure)
1498 1750 1639 1815 xnvnr.

1176 1967 1204 1982 ..
1235 1913 1349 2004 quello
1374 1914 1445 1984 mia
1472 1914 1604 1984 oemioo

963 2070 1024 2144 Olr'
1053 2093 1157 2144 uooor
1185 2094 1236 2144 me
1262 2071 1300 2142 dl
1326 2093 1378 2143 nte
1404 2077 1509 2144 stesso
1537 2077 1610 2142 tene
1636 2072 1673 2143 la
1699 2070 1819 2142 dando.

793 2323 930 2418 Quodsi
957 2329 1150 2404 canninum
1177 2325 1350 2429 reliquiae
1378 2327 1608 2426 erotiaorum,
1637 2348 1725 2428 quas
1753 2327 1912 2403 servavit
1930 2325 2050 2403 codex
2076 2348 2149 2403 no-

699 2513 794 2604 ster,
824 2503 961 2579 maximi
989 2511 1072 2578 sunt
1098 2501 1351 2601 aestimandae,
1380 2524 1463 2578 oum
1491 2499 1585 2603 quod
1614 2499 1769 2580 indolem
1797 2524 1839 2577 ac
1867 2499 1980 2578 studia
2013 2499 2149 2579 Aretini

697 2689 827 2782 poetae
854 2676 1138 2755 luculentissime
1166 2678 1340 2779 aperiunt,
1377 2687 1450 2753 tum
1479 2679 1558 2780 quia
1596 2677 1679 2796 inde
1707 2677 1750 2754 ad
1779 2676 2016 2755 illustrandam
2045 2702 2149 2780 quam

696 2855 803 2934 hodie
832 2853 953 2932 dieunt
979 2851 1157 2930 historiam
1185 2853 1362 2930 sermonis
1389 2851 1496 2929 ltalioi
1524 2852 1624 2955 larga
1647 2856 1814 2931 materies
1838 2857 1990 2956 congeri
2015 2866 2148 2957 potest,

695 3056 767 3111 non
795 3032 938 3108 minoris
966 3033 1067 3132 pretii
1096 3026 1280 3106 censenda
1308 3027 1475 3106 videntur
1502 3051 1589 3106 esse
1622 3040 1745 3107 cetera
1784 3028 2002 3131 fragmenta,
2030 3029 2148 3110 histo-

696 3211 769 3286 rica
805 3205 865 3284 vel
902 3180 1059 3305 moralia,
1097 3227 1189 3305 quae
1227 3202 1483 3307 appellaveris,
1519 3209 1685 3284 carmina.
1752 3205 1844 3300 Quin
1881 3205 1972 3286 adeo
2005 3220 2150 3311 propter

697 3407 818 3462 rerum
851 3382 1062 3485 gravitatem
1089 3381 1221 3481 pariter
1247 3391 1353 3482 atque
1382 3380 1568 3458 facundiae
1596 3381 1794 3461 libertatem
1821 3382 1967 3486 habent,
1996 3407 2068 3486 quo
2089 3383 2147 3461 vel

697 3561 754 3638 illa
781 3559 945 3637 amatoria
982 3568 1168 3660 superent.
1233 3554 1292 3634 An
1329 3558 1409 3660 quis
1436 3569 1507 3658 est,
1542 3561 1627 3660 quin
1662 3571 1793 3661 poetae
1830 3562 1864 3636 in
1901 3558 1954 3635 lris
1982 3559 2149 3637 versibus

699 3736 983 3814 ardentissimum
1018 3734 1151 3835 patriae
1188 3756 1359 3835 amorem,
1399 3756 1570 3811 severum
1607 3737 1641 3811 in
1678 3734 1814 3844 saeculi
1849 3739 1931 3813 vitia
1969 3735 2149 3838 iudicium,

697 3934 783 3990 acre
811 3912 970 3989 veritatis
1004 3907 1173 4009 studium,
1208 3910 1352 4010 insigne
1379 3908 1593 3989 humanioris
1630 3910 1836 3990 eruditionis
1865 3872 2048 4013 exemplar
2076 3935 2150 4014 ag-

698 4099 848 4187 noscat,
886 4084 1092 4189 praedicat,
1130 4083 1351 4163 admiretur?
1421 4083 1470 4163 Et
1505 4091 1584 4189 quis
1621 4097 1701 4189 est,
1737 4092 1767 4164 si
1804 4087 1947 4190 quidem
1985 4086 2152 4166 abhorret

698 4260 947 4342 tenebricosas
984 4259 1148 4338 libidines
1177 4272 1214 4340 et
1240 4260 1493 4340 nocticolarum
1529 4259 1683 4340 obseura
1718 4267 1921 4366 tentamina,
1951 4267 2035 4368 quin
2063 4288 2151 4341 ser-

699 4442 790 4518 vatis
816 4438 871 4516 his
898 4436 1055 4516 liberalis
1092 4439 1226 4539 ingenii
1254 4440 1462 4515 testimoniis
1491 4461 1537 4515 eo
1571 4441 1686 4541 magis
1714 4438 1884 4541 gaudeat,
1922 4465 1994 4545 quo
2021 4443 2150 4519 rariora

695 4620 776 4695 eius
803 4617 914 4717 ipsius
941 4637 1151 4693 remansere
1179 4625 1417 4715 monumenta,
1452 4639 1524 4720 quo
1557 4619 1692 4694 certius
1729 4627 1786 4692 est
1818 4617 1954 4716 impiam
1983 4619 2150 4716 pietatem
