4880 6314
1031 513 1105 580 xlx

576 721 661 812 Qud
687 724 739 796 oet
765 729 837 800 viso
863 729 1050 820 teyyt'odro
1080 732 1117 804 in
1144 730 1263 807 cit’etto
1290 737 1380 810 ootse

571 882 731 956 Mostror
757 890 917 979 domiti,
946 897 1073 980 qmmto
1100 892 1196 964 tasso
1216 893 1346 984 poteo?

574 1103 709 1192 Quoad
737 1129 786 1180 cot
813 1132 870 1181 cor
897 1117 989 1183 tonte
1015 1115 1051 1184 io
1078 1137 1115 1187 se
1142 1117 1261 1188 virtodi
1286 1115 1442 1190 occotse?

977 1327 1069 1397 PAG.
1094 1329 1147 1396 21.

568 1465 605 1538 lt
630 1475 744 1542 nostro
770 1473 860 1545 code
884 1472 998 1561 foetor
1024 1476 1060 1550 io
1086 1500 1166 1550 soso
1193 1481 1275 1552 totse

569 1621 765 1720 L⁷eoeemplo
793 1633 829 1702 in
855 1633 914 1706 ode
942 1641 1088 1708 ntootror
1114 1643 1242 1710 noima
1269 1639 1362 1711 twice

566 1785 615 1858 In
641 1794 734 1862 terzo
762 1793 816 1862 eid
842 1799 968 1866 conante
996 1795 1217 1885 intettiyentio

573 1945 669 2020 Virtd
689 1952 777 2040 puoi
803 1961 933 2044 quanto
960 1955 986 2025 tt
1013 1955 1076 2027 ciet
1097 1978 1169 2046 ouo
1196 1958 1265 2028 dor
1291 1959 1421 2031 roootse

563 2105 761 2180 Iolci...

926 2343 996 2408 coll.
1021 2343 1111 2410 PAG.
1140 2345 1191 2410 70.

562 2644 614 2716 Di
640 2649 730 2721 dodoi
756 2651 848 2722 occdi
875 2651 1018 2740 dioiodri
1045 2653 1081 2722 in
1108 2653 1186 2742 quet
1212 2651 1264 2723 tet
1290 2652 1379 2723 dotto

560 2809 703 2882 Notum
731 2811 766 2882 in
794 2813 850 2882 coi
876 2834 1035 2884 ‹ontnorse
1061 2814 1141 2900 oniti
1167 2834 1231 2882 suo
1255 2833 1378 2900 proco.

417 3038 514 3116 inter
555 3040 707 3117 virtutes
762 3036 920 3138 donnae,
968 3063 1061 3142 quoe
1107 3042 1266 3116 eminent
1312 3038 1484 3140 singulari
1531 3039 1782 3145 appellatione,

318 3213 425 3292 incile
452 3219 531 3318 ipse
560 3214 625 3293 sibi
655 3215 783 3294 affines
811 3215 932 3318 eliges
961 3227 999 3293 et
1026 3213 1214 3318 colligabis
1243 3213 1479 3317 epithetorum
1508 3216 1690 3343 corollam.

414 3391 563 3494 Insigne
590 3392 859 3494 documentum,
889 3416 993 3496 quoin
1019 3391 1218 3470 libertatem
1247 3390 1313 3468 sibi
1350 3397 1577 3472 concesserit
1612 3407 1719 3498 poete
1746 3399 1781 3473 in

318 3573 511 3646 carminum
539 3592 685 3649 snorum
711 3572 1002 3648 transmutatione
1025 3596 1068 3649 ao
1094 3591 1286 3671 connpnge7
1316 3567 1389 3646 edit
1418 3566 1614 3649 ‘Conzone'
1634 3570 1717 3674 XV,
1746 3575 1781 3651 in

318 3767 385 3850 qno
414 3769 535 3824 coram
563 3745 701 3825 donnino
731 3772 795 3826 suo
822 3747 964 3827 sibimet
990 3751 1056 3851 ipsi
1079 3747 1152 3826 dina
1180 3750 1295 3827 omnio
1324 3751 1552 3850 imprecatur,
1581 3746 1662 3826 iictn
1691 3771 1779 3828 esse

316 3934 355 4001 et
394 3925 529 4001 misere
565 3936 764 4002 commenta
797 3925 1009 4027 obtestatus,
1048 3928 1078 4002 si
1114 3924 1148 4002 id
1185 3947 1341 4028 unquam
1375 3907 1540 4001 dixisset
1560 3946 1603 4000 se
1631 3923 1777 4003 alterius

312 4122 433 4177 annone
461 4098 669 4177 incaluisse.
703 4097 753 4177 ibi
781 4099 936 4180 notabile
965 4101 1058 4180 istud
1089 4098 1145 4176 ‘S’
1173 4103 1200 4178 i'
1226 4095 1254 4175 'l
1279 4098 1391 4177 diooi’
1418 4099 1479 4177 vei
1509 4095 1565 4176 ‘S’
1583 4101 1610 4175 θ’
1629 4096 1657 4175 Ἰ
1676 4099 1777 4178 diooi

314 4277 404 4352 ntoi’
441 4297 507 4380 per
540 4287 692 4377 quatuor
732 4281 873 4379 priores
907 4289 1048 4356 stonzos
1076 4278 1278 4358 duodecies
1304 4300 1372 4379 pen
1407 4273 1620 4382 anaphoram
1656 4279 1774 4380 icitur,

308 4465 382 4531 tum
418 4456 453 4530 in
488 4456 607 4555 quinto
648 4467 686 4534 et
717 4466 820 4535 sexto
858 4466 979 4533 stanno
1013 4459 1162 4534 reicitur
1196 4451 1277 4528 ‘Mo
1305 4455 1376 4532 sito
1411 4452 1478 4530 noi
1508 4451 1620 4530 diooi'
1653 4464 1691 4531 et
1718 4450 1774 4530 ‘10

310 4626 374 4706 nol
399 4629 500 4706 diod
525 4634 734 4730 cinnameo?
784 4631 862 4710 Pori
891 4631 997 4710 nodo
1026 4634 1180 4709 carmina
1213 4639 1334 4706 PAGG.
1363 4637 1428 4704 100
1452 4643 1485 4703 et
1509 4636 1583 4718 101,
1616 4652 1710 4732 quoe
1737 4634 1772 4706 in

1518 4777 1560 4836 C*
