4880 6314
502 1161 621 1268 Janua
650 1187 800 1268 infernal
829 1186 898 1265 che
926 1211 994 1290 per
1021 1199 1142 1289 trappa
1172 1187 1299 1266 diuiaia

563 1364 644 1445 Non
671 1389 740 1469 per
765 1367 859 1444 uirtu
886 1363 1006 1443 chime
1035 1363 1138 1441 fassa
1166 1387 1188 1442 ο
1217 1376 1380 1444 costuma

563 1543 716 1622 Solcasti
744 1542 766 1620 il
794 1567 869 1622 mar
895 1541 955 1620 nal
983 1538 1143 1644 superbo
1171 1566 1322 1619 cacume

562 1718 685 1799 Colma
713 1721 850 1799 denari
880 1722 1008 1822 epiena
1036 1718 1071 1796 di
1099 1722 1254 1821 nequitia

421 2021 423 2026 ’
500 2019 635 2100 Nutrita
663 2024 697 2098 in
725 2025 806 2100 ocio
834 2023 868 2098 in
897 2019 967 2097 cibi
995 2031 1033 2098 et
1059 2023 1093 2096 in
1122 2018 1250 2096 delicia

560 2196 629 2276 Fra
661 2196 698 2275 le
725 2197 904 2276 mondane
931 2219 1062 2298 pompe
1092 2195 1168 2274 esra
1196 2194 1353 2300 lepiume

561 2373 613 2454 0r
639 2377 795 2452 conuien
824 2372 892 2451 che
920 2377 1040 2450 taueai
1067 2372 1089 2450 il
1117 2370 1236 2452 hecco
1265 2375 1297 2451 al
1324 2372 1432 2454 sauma

388 2649 393 2662 ⁸
560 2549 594 2629 Ε
623 2554 785 2631 conuerti
814 2553 849 2628 in
877 2549 980 2630 dolor
1006 2548 1038 2628 la
1066 2562 1125 2630 tua
1153 2550 1271 2629 leticia

496 2819 562 2933 Po‘i
591 2851 661 2931 ohe
688 2854 720 2930 la
747 2851 912 2932 liberata
939 2851 974 2929 al
1004 2874 1170 2930 commun
1198 2850 1295 2930 bene

558 3027 627 3107 Ela
653 3034 793 3132 propria
821 3029 1032 3130 republica
1060 3028 1120 3106 ele
1148 3028 1253 3134 laggi

557 3207 712 3285 Lassasti
740 3207 806 3285 aaa!
835 3205 938 3285 chela
967 3207 1086 3310 diuicij
1115 3209 1224 3309 piene

495 3505 626 3586 Misera
656 3520 693 3586 ιθ
722 3531 790 3585 con
820 3511 877 3585 cui
905 3518 943 3585 te
971 3507 1071 3609 guidi
1100 3531 1122 3584 e
1150 3511 1262 3612 reggi

556 3683 658 3762 Sotta
686 3684 808 3762 alliran
839 3683 939 3762 furor
967 3683 1075 3762 undel
1105 3708 1274 3762 conuene

557 3859 646 3940 chel
676 3861 806 3940 iudicio
834 3862 929 3941 didio
957 3865 1018 3966 qui
1045 3866 1069 3941 ti
1098 3868 1274 3968 corraggi

742 4162 829 4265 Apri
858 4162 929 4242 ben
959 4162 1116 4267 gliocahi
1146 4188 1168 4242 e
1196 4163 1302 4268 leggi

555 4337 641 4417 Chai
670 4352 802 4444 negata
831 4341 863 4417 la
893 4364 1004 4418 croco
1033 4365 1055 4418 a
1084 4339 1182 4417 adori
1211 4365 1260 4418 vn
1287 4365 1409 4445 angue
1515 4397 1521 4410 ·

554 4515 632 4596 Che
661 4521 690 4595 si
718 4521 854 4596 nutrica
883 4540 1019 4619 epasce
1048 4517 1107 4595 del
1141 4530 1202 4595 tuo
1230 4540 1387 4620 sangae.

1365 4609 1389 4742 j
1508 4773 1526 4814 a
