4880 6314
1384 573 1457 640 Vlll

687 795 832 898 quidem
859 806 919 872 aut
946 792 1119 896 effugere
1155 807 1215 872 aut
1242 795 1456 896 conciliare,
1496 800 1581 875 citra
1619 797 1813 875 mortalium
1842 799 1961 894 viresg
1996 807 2152 897 atquae

684 995 751 1050 suo
780 975 857 1049 iure
885 982 1115 1073 expetuntur,
1146 995 1188 1047 ea
1218 973 1251 1046 in
1281 984 1443 1074 promptu
1473 984 1649 1074 ponantur
1676 995 1836 1051 necesse
1866 983 1934 1049 est.

776 1146 992 1251 Quicunque
1020 1147 1205 1226 Francisci
1233 1146 1372 1226 Aretini
1401 1151 1554 1225 carmina
1580 1161 1748 1229 accurato
1777 1151 1894 1228 studio
1915 1153 2153 1250 pervestiga-

685 1329 791 1424 verit,
821 1322 950 1402 doctus
979 1324 1062 1401 inde
1092 1325 1208 1424 simul,
1248 1350 1319 1428 quo
1356 1325 1415 1403 ille
1453 1326 1559 1403 modo
1594 1349 1748 1404 exorsus
1777 1350 1909 1404 versus
1938 1351 2027 1405 suos
2055 1349 2152 1404 con-

683 1503 868 1603 scripserit
896 1511 933 1578 et
961 1503 1183 1600 correxerit,
1212 1501 1296 1603 quid
1325 1500 1384 1579 ille
1413 1503 1606 1578 carminum
1635 1524 1780 1579 suorum
1809 1502 1995 1581 diuturnus
2022 1502 2150 1604 politor

684 1679 877 1778 adiecerit,
906 1677 1120 1777 detraxerit,
1157 1682 1365 1778 mutaverit,
1404 1689 1578 1780 expertus
1606 1676 1700 1754 idem
1728 1678 1854 1755 sedula
1883 1679 2040 1757 lectione
2070 1701 2151 1755 cunr

687 1879 780 1959 quae
808 1853 1032 1932 intercedant
1060 1857 1152 1930 inter
1180 1866 1309 1931 cuncta
1338 1857 1493 1931 auctoris
1521 1875 1654 1954 opera,
1684 1855 1778 1931 inter
1804 1878 1964 1956 prorsam
1994 1867 2031 1932 et
2059 1879 2150 1933 ror-

683 2057 758 2109 sam
795 2033 874 2108 eius
914 2028 1131 2130 facundiam,
1174 2033 1412 2132 gravissimae
1448 2031 1709 2129 necessitates,
1745 2041 1831 2138 tum¹
1853 2055 1946 2134 quae
1983 2031 2030 2108 de
2059 2036 2147 2132 rita,

650 2275 655 2284 .
686 2206 863 2308 moribus,
901 2209 1048 2308 ingenio
1085 2207 1207 2309 deque
1246 2206 1322 2283 fatis
1352 2204 1551 2283 libellorum
1580 2205 1744 2282 eiusdem
1774 2206 1980 2284 tradiderint
2007 2231 2150 2310 aequa-

687 2386 757 2486 les,
786 2383 973 2462 retulerint
1000 2394 1060 2459 aut
1087 2385 1322 2484 exposuerint
1350 2386 1484 2484 posteri
1513 2406 1556 2458 ao
1584 2384 1751 2484 postumi,
1781 2385 1815 2458 ei
1843 2407 1914 2460 non
1940 2387 2053 2485 potuit
2079 2408 2151 2462 non

685 2559 801 2639 videri
828 2561 967 2660 minrm,
996 2561 1055 2661 qui
1084 2563 1129 2636 sit.
1157 2559 1301 2660 factum,
1331 2571 1369 2636 υι
1396 2570 1540 2661 praeter
1558 2557 1712 2636 ultimam
1740 2570 1942 2660 poematum
1965 2561 2149 2663 sq'llogen,

684 2760 777 2841 quae
807 2736 920 2814 fertur
946 2737 1089 2813 nomine
1112 2731 1378 2834 ‘Canzoniere',
1405 2757 1453 2810 ex
1481 2745 1532 2813 tot
1562 2735 1833 2812 fructuosissimi
1861 2749 1990 2837 poetae
2015 2741 2150 2815 earmi-

686 2937 772 2990 num
800 2911 1024 3014 fragmentis,
1054 2914 1217 3013 appetitis
1246 2910 1290 2988 ab
1312 2915 1481 2990 universa
1510 2909 1616 3011 ltalia,
1647 2935 1713 3014 per
1730 2911 1882 3014 vulgum
1902 2923 1940 2989 et
1958 2916 2059 3016 quasi
2086 2939 2153 3016 per

686 3089 920 3168 circulatores
947 3087 1200 3188 disseminatis,
1238 3112 1376 3189 paucae
1405 3091 1584 3167 dumtaxat
1611 3091 1794 3191 supersint
1820 3088 2007 3192 reliquiae,
2038 3103 2075 3168 ul
2102 3114 2150 3169 ex

684 3268 823 3370 ingenti
852 3264 1031 3366 farragine
1060 3288 1256 3366 versuum,
1294 3289 1385 3367 quos
1414 3265 1561 3343 iuvenili
1589 3265 1718 3343 ardore
1752 3264 1927 3368 prodigus
1956 3267 2151 3346 versifica-

683 3455 757 3544 tor,
786 3442 876 3520 virili
903 3452 1186 3543 temperamento
1216 3453 1316 3519 catus
1344 3454 1450 3544 poeta
1480 3444 1703 3544 composuit,
1741 3467 1818 3520 rara
1853 3442 1960 3521 modo
1994 3447 2148 3545 vestigia

687 3629 865 3698 maneant.
931 3615 1126 3695 Tantamne
1156 3617 1270 3695 fuisse
1297 3631 1498 3720 temporum
1526 3630 1585 3695 aut
1612 3621 1770 3696 iniuriam
1799 3630 1858 3695 aut
1882 3619 2148 3722 malignitatem,

683 3809 723 3876 ut
749 3806 895 3898 praeter
911 3818 1018 3897 porea
1041 3793 1224 3872 Francisci
1247 3794 1468 3897 idiograplm,
1498 3795 1580 3872 olim
1599 3793 1643 3871 ab
1665 3793 1854 3873 Ubaldinio
1874 3794 2033 3898 detecta,
2054 3820 2148 3901 quae

683 3977 759 4076 ipsa
793 3985 923 4075 poetae
961 3972 1074 4051 studia
1113 3994 1200 4050 sese
1234 3972 1459 4050 reformantis
1495 3972 1700 4049 luculenter
1726 3972 1991 4074 demonstrant,
2030 3974 2148 4052 nullus

683 4149 892 4249 codicillus,
921 4147 1015 4226 nulla
1045 4148 1221 4250 chanula,
1251 4149 1345 4226 nulla
1374 4149 1516 4252 pagella
1544 4150 1743 4249 perniciem
1771 4161 1830 4227 aut
1857 4153 2149 4252 persecutionem

683 4325 900 4404 evitaverit?
933 4323 1053 4417 Quid?
1082 4325 1177 4429 quod
1196 4326 1359 4404 traditum
1378 4337 1448 4427 est,
1478 4326 1590 4403 latere
1617 4327 1651 4402 in
1680 4324 1770 4402 urbe
1791 4323 2037 4406 lllediecorum
2058 4328 2148 4428 glo-

682 4507 731 4582 ria
760 4502 883 4579 illustri
920 4514 1050 4604 poetae
1087 4507 1197 4582 nostri
1226 4503 1500 4605 paralipomena,
1540 4525 1633 4607 quae
1662 4500 1770 4581 lrodie
1799 4525 1946 4607 quoque
1975 4503 2021 4582 ibi
2050 4528 2146 4582 con-

684 4681 822 4756 servari
850 4681 1055 4779 nuperrime
1084 4679 1205 4758 denuo
1234 4679 1483 4783 divulgabant,
1518 4679 1682 4756 eiusdem
1711 4691 1814 4755 certe
1843 4681 2012 4780 epistolas
2040 4683 2149 4760 multo
