4880 6314
997 539 1117 606 XXVII

306 763 427 862 rium,
457 761 539 863 quin
568 763 637 838 imo
657 783 966 862 supervacaneum
992 764 1205 865 putaverim,
1234 786 1328 866 quae
1348 760 1541 842 Petrarcae
1564 766 1663 865 quasi
1688 786 1778 866 pro-

325 939 508 1039 prietates,
537 947 643 1015 notae
670 935 752 1016 illae
780 963 822 1016 ac
850 939 1102 1042 pervulgatae,
1132 950 1169 1016 et
1188 939 1381 1018 verborum
1400 950 1439 1016 et
1463 941 1775 1042 comparationum,

326 1116 429 1191 etiam
457 1117 491 1190 in
519 1112 589 1190 lroc
618 1112 748 1192 codice
775 1113 943 1214 redeunt,
972 1117 1006 1191 in
1035 1118 1149 1192 aciem
1177 1139 1324 1193 vocare.
1391 1112 1479 1192 Nam
1506 1137 1577 1190 non
1606 1115 1777 1193 tironibus

325 1287 415 1366 haec
444 1287 578 1390 scribo,
607 1287 673 1366 sed
694 1291 780 1366 viris
803 1289 950 1367 eruditis
979 1300 1015 1368 et
1042 1293 1197 1394 meipso
1223 1314 1346 1369 musae
1365 1288 1606 1368 Petrarclreae
1627 1289 1777 1368 familia-

324 1462 488 1542 rioribus.

418 1735 554 1816 Verum
582 1741 676 1816 enim
694 1763 785 1818 vero
805 1738 1030 1819 confidenter
1056 1743 1245 1844 pronuntio
1272 1764 1314 1817 ac
1343 1749 1465 1817 certus
1494 1738 1688 1841 contendo,
1717 1741 1778 1816 vix

323 1937 430 1990 unum
459 1913 683 2019 alterumque
707 1939 818 2018 posse
845 1918 996 1993 inveniri
1031 1919 1065 1994 in
1093 1917 1147 1995 his
1184 1915 1325 1994 ineditis
1353 1914 1535 1992 Francisci
1564 1912 1778 1992 carminibus

324 2092 519 2192 amatoriis,
554 2091 648 2194 quod
678 2116 749 2169 non
777 2095 812 2168 in
841 2091 945 2170 editis
973 2092 1089 2196 aliquo
1118 2093 1223 2171 modo
1256 2091 1438 2193 reluceat,
1476 2093 1555 2168 sive
1592 2092 1627 2183 in
1655 2087 1778 2168 verbis

325 2275 362 2343 et
389 2269 597 2368 sententiis,
634 2271 714 2345 sive
742 2270 776 2344 in
805 2266 932 2370 figuris
960 2280 998 2346 et
1024 2271 1253 2346 ornamentis.
1317 2265 1422 2345 Etsi
1458 2265 1598 2370 aliquod
1626 2289 1779 2369 poema-

324 2445 407 2519 tium
434 2466 499 2545 pro
527 2466 622 2522 novo
651 2455 688 2520 et
714 2446 899 2546 incognito
927 2444 1180 2522 declarandum
1209 2457 1279 2545 est,
1318 2456 1374 2521 est
1401 2442 1485 2521 illud
1512 2467 1646 2520 novum
1673 2445 1779 2519 eius-

323 2616 405 2695 dem
440 2621 576 2721 ingenii
613 2619 850 2724 eiusdemque
887 2624 1030 2724 spiritus
1066 2633 1355 2721 monumentum,
1399 2642 1521 2722 neque
1558 2617 1649 2696 aliud
1694 2618 1777 2695 inde

322 2795 501 2899 probatur,
531 2799 597 2874 nisi
625 2801 679 2874 sui
708 2798 819 2875 solius
846 2809 987 2901 poetam
1016 2799 1128 2877 luisse
1157 2795 1423 2896 aemulatorem,
1453 2797 1511 2898 qui
1539 2796 1675 2896 ingenii
1703 2817 1777 2871 vo-

323 2969 440 3073 luptati
469 2969 635 3052 lubenter
662 2973 883 3076 indulgeret,
913 2975 979 3053 sed
1009 2999 1102 3078 quae
1131 2976 1272 3051 iuvenis
1300 2976 1431 3075 impetu
1457 2973 1572 3072 magis
1592 2981 1629 3046 et
1648 2967 1776 3046 ardore

322 3151 424 3225 animi
461 3163 734 3252 composuerat,
771 3165 895 3252 postea
924 3177 1058 3230 summa
1095 3163 1170 3230 arte
1208 3150 1344 3227 limaret
1377 3159 1415 3224 et
1447 3158 1602 3224 venusto
1639 3144 1775 3225 decore

320 3324 498 3403 indueret.
563 3326 601 3404 ln
629 3350 702 3430 quo
729 3327 845 3407 studio
874 3341 911 3406 ει
938 3328 1066 3406 sedulo
1102 3325 1225 3405 labore
1253 3348 1324 3404 non
1361 3335 1418 3401 est
1445 3320 1672 3423 infitiandum,
1701 3343 1772 3398 non
1891 3403 1894 3408 ,

321 3500 413 3579 ηυΙΙε
441 3525 524 3579 eum
553 3517 611 3582 aut
629 3506 808 3606 omisisse,
837 3529 930 3608 quae
950 3528 1066 3606 aegre
1092 3502 1372 3602 desideraveris,
1401 3509 1458 3576 aut
1482 3499 1693 3575 resecuisse
1713 3500 1774 3573 in-

323 3692 426 3783 tegra
456 3705 497 3757 ac
526 3704 624 3759 sana.

418 3951 585 4033 Continet
603 3955 698 4032 enim
716 3975 847 4030 revera
867 3951 987 4031 codex
1006 3964 1130 4030 noster
1149 3952 1247 4055 plura
1266 3961 1442 4053 poemata,
1462 3970 1555 4050 quae
1574 3950 1658 4023 mira
1679 3969 1770 4048 gra-

317 4135 361 4210 tia
382 4143 420 4209 et
438 4129 595 4233 eleganti
614 4141 806 4207 venustate
826 4129 1063 4232 praecellunt,
1082 4131 1131 4206 uti
1151 4125 1246 4230 quod
1270 4126 1404 4227 legitur
1423 4126 1457 4200 in
1488 4129 1578 4194 PAG.
1603 4091 1646 4194 aa
1673 4142 1769 4222 poe-

317 4319 373 4385 tae
399 4319 435 4385 et
452 4305 588 4384 Lauree
608 4309 899 4385 venustissimum
919 4305 1148 4407 colloquium,
1170 4302 1228 4380 vel
1253 4305 1287 4379 in
1315 4267 1414 4374 Ριιιι.1
1432 4306 1477 4370 ιι
1503 4294 1659 4396 idyllium
1679 4299 1769 4372 sim-

316 4484 471 4586 plicitate
499 4487 753 4563 sententiarum
782 4487 939 4585 insigne,
969 4482 1121 4560 tortasse
1142 4483 1176 4556 in
1196 4502 1350 4555 recessu
1370 4473 1480 4554 Vallis
1501 4471 1654 4550 Clausae
1674 4494 1769 4548 con-

317 4674 459 4762 ceptum
490 4665 560 4762 [DE
585 4669 691 4736 SADE
719 4663 908 4738 memoires
936 4658 963 4758 l,
999 4657 1123 4757 {illilg
1152 4654 1325 4760 quaedam
1353 4665 1469 4758 tamen
1506 4652 1608 4727 etiam
1637 4653 1671 4726 in
1699 4646 1769 4724 lroc

1517 4799 1558 4853 „a
